2722 4762
163 238 228 303 206
484 244 656 299 CORNELII
679 244 803 299 TAGITI
827 244 1027 300 ANNALIUM

164 418 312 462 sermone
340 418 413 460 eum
441 394 585 459 Antonio
613 393 745 478 Natale,
778 395 852 459 dein
883 415 1049 479 regressus
1080 393 1213 459 domum
1244 400 1258 459 t

128 512 144 557 ,a
162 490 308 549 mentum
327 485 526 569 obsignavit,
544 486 730 567 promptum
748 484 869 569 vagina
886 483 1080 569 pugionem,
1097 482 1138 548 de
1162 506 1227 567 quo
1244 507 1257 549 s

162 574 287 651 rettuli,
310 576 471 637 vetustate
495 573 647 637 obtusum
670 572 856 655 increpans,
884 572 1028 655 asperari
1058 592 1139 637 saxo
1164 574 1199 635 et
1219 573 1253 637 in

163 684 293 727 cronem
322 661 487 725 ardescere
515 661 612 725 iussit
639 682 773 745 eamque
801 683 912 725 curem
941 660 1059 725 liberto
1087 659 1225 726 Milicho
1253 684 1257 724 :

163 752 260 815 davit.
306 750 403 815 simul
435 749 628 813 adfluentius
661 749 757 813 solit-o
790 749 976 813 convivium
1008 748 1145 833 initum,
1178 770 1257 815 serv·

163 839 323 905 carissimi
345 838 494 903 libertate
518 841 551 902 et
574 838 631 901 alii
653 838 792 921 pecunia
815 837 937 903 donati.
981 842 1081 921 atque
1105 838 1179 921 ipse
1202 860 1256 903 ma

111 960 145 1006 10
165 932 197 992 et
215 948 355 1012 magnae
373 927 581 1011 cogitationis
600 926 793 990 manifestus
812 929 894 1010 erat,
912 926 1060 1010 quamvis
1074 925 1257 991 laetitiam*

164 1016 366 1081 sermonibus
391 1016 565 1079 simularet.
611 1018 775 1097 postremo
798 1015 984 1079 vulneribus
1006 1015 1192 1099 ligamenta
1214 1038 1255 1099 qu

163 1127 224 1189 que
244 1105 371 1169 sistitur
390 1105 524 1189 sanguis
543 1125 656 1187 parare
676 1103 812 1167 eundem
830 1102 1000 1168 Milichum
1022 1106 1152 1183 monet,
1176 1104 1243 1168 sive

162 1217 234 1258 rum
263 1193 494 1257 coniurationis
523 1195 556 1255 ot
582 1192 658 1255 illue
685 1214 785 1275 usque
812 1192 926 1276 fidum,
954 1214 1011 1257 seu
1037 1192 1190 1256 nescium
1213 1196 1246 1257 et

162 1283 304 1366 primum
331 1281 468 1362 arreptis
497 1280 744 1363 suspitionibus,
771 1284 808 1344 ut
829 1281 975 1365 plerique
996 1280 1179 1365 tradidere,
1210 1282 1248 1345 de

112 1402 144 1446 15
164 1370 380 1454 sequentibus.
426 1392 502 1432 nam
532 1390 604 1431 cum
633 1390 742 1432 seeum
769 1368 895 1433 servilis
923 1369 1051 1434 animus
1078 1370 1257 1453 praemia]

164 1459 235 1522 diae
258 1458 421 1541 reputavit
443 1456 602 1541 simulque
625 1457 774 1521 inmensa
797 1458 936 1541 pecunia
958 1460 992 1521 et
1012 1458 1167 1541 potentia
1195 1459 1257 1524 obv

162 1548 296 1629 bantur,
324 1546 420 1609 cessit
446 1545 496 1609 fas
525 1549 557 1608 et
585 1545 672 1609 salus
691 1547 821 1629 patroni
849 1549 882 1610 et
909 1549 1060 1628 acceptae
1087 1545 1253 1611 libertatis

163 1635 274 1700 moria.
317 1634 436 1698 etenim
459 1635 568 1698 uxoris
592 1656 719 1718 quoque
742 1635 912 1699 consilium
936 1634 1168 1718 adsumpserat
1190 1636 1257 1699 mul

164 1746 201 1788 ae
225 1723 383 1787 deterius:
407 1724 524 1807 quippe
552 1723 637 1786 ultro
660 1726 783 1788 metum
810 1722 1008 1807 intentabat,
1034 1723 1225 1808 multosque
1248 1746 1257 1787 e

110 1845 144 1891 20
163 1814 242 1876 tissa
266 1813 398 1876 libertos
423 1834 459 1876 ae
484 1834 603 1894 servos,
627 1812 682 1895 qui
705 1812 817 1876 eadem
839 1812 987 1876 viderint.
1028 1810 1114 1875 nihil
1137 1812 1257 1895 profutr

162 1902 259 1965 unius
292 1900 469 1984 silentium3
507 1903 541 1963 at
572 1900 716 1982 praemia
747 1922 846 1983 penes
878 1922 979 1964 unum
1009 1899 1094 1984 fore,
1133 1901 1192 1984 qui
1224 1902 1257 1964 in

163 1990 391 2073 praevenisset.

109 2088 153 2152 55
251 2078 357 2162 igitur
384 2081 498 2160 coepta
525 2077 596 2140 luce
618 2076 769 2141 Milichus
796 2077 833 2141 in
858 2077 971 2141 hortos
994 2074 1199 2143 Servilianos
1226 2101 1257 2162 p<

164 2169 196 2230 et
223 2187 296 2230 cum
324 2166 448 2230 foribus
477 2168 650 2248 arceretur,
678 2186 799 2250 magna
827 2168 861 2229 et
883 2165 1006 2231 atrocia
1032 2164 1163 2231 adferre
1193 2167 1257 2231 dict

163 2255 380 2338 deductusque
404 2255 445 2318 ab
468 2254 663 2318 ianitoribus
683 2255 723 2317 ad
741 2255 893 2318 libertum
911 2252 1051 2318 Neronis
1069 2252 1257 2341 Epaphrod

162 2365 238 2406 mox
262 2343 302 2406 ab
326 2364 364 2406 eo
389 2342 429 2404 ad
452 2341 628 2425 Neronem,
651 2364 771 2427 urgens
793 2342 983 2425 perieulum,
1011 2363 1130 2427 greum
1154 2344 1257 2409 conia

128 2434 196 2510 bet
218 2432 324 2494 cetera
347 2451 428 2514 quae
452 2429 598 2494 audierat
620 2438 676 2494 aret
698 2431 935 2496 coniectaverat
953 2431 1055 2495 docet.
1092 2432 1200 2497 telum
1218 2454 1257 2517 qu

199 2664 222 2711 5.
249 2674 373 2725 promere
399 2657 453 2711 mit
479 2657 600 2712 blossem
627 2658 723 2712 Ablat.
778 2660 864 2713 sehon
881 2657 928 2712 bei
948 2657 1052 2714 Cicero.
1091 2659 1149 2713 Mit
1172 2659 1257 2714 dem¹

161 2728 200 2782 ist
217 2728 403 2784 dichterisohe
419 2728 620 2783 Construction.
644 2729 724 2783 Eben
777 2728 1257 2797 wthnliehenarreptr'swirddiell:

162 2801 407 2936 Ξᾳοῖερένυέπῖνεδθ,
426 2807 469 2854 40.
488 2800 553 2854 hist.
572 2807 598 2869 4,
618 2806 660 2854 2⁶2.
695 2799 722 2853 S.
776 2799 925 2924 unthiter
945 2799 994 2855 bei
1015 2800 1066 2855 der
1084 2800 1257 2869 Entdeokum

186 2890 235 2924 m.
274 2915 279 2925 .
341 2916 347 2940 ,
388 2914 393 2925 .
776 2888 835 2925 nere
854 2888 911 2926 ne.

198 2949 222 2996 6.
242 2960 371 3010 esperare
388 2944 459 2997 statt
475 2959 571 2996 aeaere
584 2960 636 2994 nur
649 2942 723 2996 noch
814 2948 855 2996 19.
887 2946 987 2995 metum
1020 2942 1160 2997 intentare
1195 2942 1233 2997 ist

162 3013 254 3067 Germ.
281 3020 314 3067 46
343 3030 373 3067 so
398 3014 451 3068 wie
478 3013 525 3067 bei
550 3013 640 3067 Varro
665 3012 723 3065 und
776 3013 894 3081 Phrase,
918 3012 971 3067 wie
990 3018 1020 3080 3,
1044 3018 1079 3067 28
1102 3018 1195 3068 terror
1217 3030 1255 3067 orn

162 3083 306 3153 Spateren.
334 3085 366 3136 ln
379 3084 535 3153 tropiseher
548 3083 722 3152 Bedeutung,
776 3085 973 3138 intentabatur.

161 3156 233 3208 statt
251 3171 426 3222 eaasperare,
444 3156 496 3208 hat
515 3172 544 3209 es
560 3155 625 3209 Tac.
641 3154 721 3208 oster.

200 3231 223 3277 7.
243 3227 380 3278 ardescere
397 3227 569 3295 „zugespitzt
582 3225 722 3290 werdeu“,
812 3222 860 3281 55.
895 3231 918 3279 l.
955 3224 999 3278 Da
1021 3224 1098 3279 Nero
1124 3224 1168 3280 im
1190 3226 1215 3281 J.
1234 3232 1257 3280 u

161 3294 315 3362 cigentlioh
334 3294 519 3363 „aufblitzen,
543 3295 630 3349 blank
652 3313 722 3349 wor—
776 3296 867 3350 seiner
894 3295 997 3349 Flucht
1020 3295 1096 3349 nach
1118 3294 1203 3353 Ostia
1228 3296 1256 3349 in

162 3365 242 3433 den“,
260 3366 314 3419 wie
329 3365 432 3419 Lucan.
449 3372 472 3432 7,
490 3372 539 3419 139
558 3383 607 3418 nee
619 3368 722 3435 pladits
775 3368 862 3420 hortis
877 3366 1042 3421 Servilianis
1053 3366 1200 3437 verweilt,
1218 3383 1246 3421 so

161 3438 277 3491 habuere
285 3437 365 3504 sidem
375 3438 431 3489 nisi
440 3437 544 3490 eottbas
554 3453 634 3504 asper
644 3454 721 3490 esar-
776 3455 824 3492 sen
843 3437 918 3491 diese
936 3436 1075 3491 zwisohen
1092 3436 1168 3493 Rom
1185 3437 1242 3493 und

160 3510 198 3562 sit
214 3525 315 3562 renero.
346 3507 410 3578 Vgl.
429 3506 509 3561 Ovid.
529 3509 595 3561 met.
613 3513 654 3576 11,
670 3513 720 3562 523
775 3509 894 3578 gelegen
914 3509 1016 3562 haben.

160 3581 300 3645 fulmineis
315 3581 460 3633 ardescant
474 3580 585 3647 ipntbns
598 3580 697 3632 rendae.
811 3586 836 3633 3.
866 3576 1075 3649 Epaphroditus
1096 3578 1182 3635 hatte
1204 3580 1252 3633 das

197 3658 222 3704 9.
250 3657 275 3704 et
294 3652 346 3704 arn
364 3650 409 3704 fiir
430 3652 482 3704 olii
499 3682 535 3689 —-
554 3651 606 3703 atii
623 3649 676 3702 wie
698 3657 720 3714 1,
776 3669 794 3704 a
813 3651 911 3704 libellis
934 3650 993 3704 und
1015 3665 1075 3703 war
1096 3650 1257 3721 Naohfolge·

162 3728 194 3774 63
221 3728 252 3774 at
278 3739 346 3789 opes
372 3728 397 3775 et
420 3723 471 3775 olii
489 3722 627 3789 proelium
652 3722 720 3773 inci-
775 3722 815 3774 im
847 3721 872 3775 J.
901 3728 934 3776 6⁶2
966 3737 1022 3775 von
1053 3719 1130 3775 Nero
1170 3718 1257 3793 vergil

156 3798 261 3870 pereat.
292 3799 338 3861 12,
361 3799 394 3846 41
419 3793 476 3846 und
496 3792 576 3846 oster.
610 3792 650 3844 lst
668 3791 721 3844 Ta·
775 3792 966 3861 Doryphorus.
1002 3790 1080 3846 weil
1102 3808 1134 3845 er
1156 3794 1250 3863 spater

162 3860 285 3914 e1teisoh.
775 3863 876 3917 Kaiser
888 3862 963 3916 beim
976 3862 1169 3918 Selbstmorde
1182 3862 1257 3917 hoho

200 3937 239 3983 10.
268 3932 360 3986 Ueber
387 3936 548 4000 necenifestns
576 3933 629 3986 mit
656 3933 721 3986 dem
775 3952 834 3988 war
854 3933 971 4003 (Sueton
984 3939 1018 3986 49
1037 3933 1145 3999 smne
1162 3934 1257 4005 inperio

162 3999 283 4054 Genetiv
297 4019 316 4055 s.
327 4021 361 4055 zu
376 4011 417 4070 12,
434 4012 475 4061 51.
491 4036 524 4044 —
539 4004 632 4058 Wenn
643 4004 722 4057 nicht
775 4007 829 4074 pit,
846 4007 959 4058 ineante
967 4004 1165 4073 Epaphrodito
1184 4024 1203 4061 a
1220 4004 1256 4059 ab

161 4073 248 4127 uariis
266 4088 301 4123 zu
318 4072 396 4127 lesen
413 4076 463 4143 ist,
485 4076 621 4131 bedentet
644 4077 722 4144 napis
776 4094 806 4130 so
820 4076 886 4130 liess
900 4075 950 4129 ihn
963 4074 1117 4143 Domitian,
1135 4075 1186 4131 bei
1202 4074 1257 4129 wel

162 4144 301 4230 „uastata
320 4159 375 4196 von
404 4146 496 4225 einom
524 4147 631 4228 Thema
658 4164 722 4199 zum
777 4145 1257 4230 erdasselbeAmtverwaltstq,hir

162 4212 615 4369 {peffipfflagantms
633 4216 721 4286 ΜΨ
776 4221 900 4343 {att
912 4234 1072 4343 {lintheis
1085 4217 1153 4343 tt:
1166 4216 1257 4343 tlt

200 4366 241 4412 14.
270 4357 326 4411 Der
345 4357 441 4410 Plural
464 4364 628 4424 snsprteones
647 4358 723 4411 steht
776 4364 876 4430 tragen
894 4360 982 4413 dtirfe.
