<?xml version="1.0" encoding="UTF-8"?>
<!DOCTYPE html PUBLIC "-//W3C//DTD XHTML 1.0 Transitional//EN"
    "http://www.w3.org/TR/xhtml1/DTD/xhtml1-transitional.dtd">
<html xmlns="http://www.w3.org/1999/xhtml" xml:lang="en" lang="en">
 <head>
  <title>
</title>
<meta http-equiv="Content-Type" content="text/html;charset=utf-8" />
  <meta name='ocr-system' content='tesseract 3.04.00' />
  <meta name='ocr-capabilities' content='ocr_page ocr_carea ocr_par ocr_line ocrx_word'/>
</head>
<body>
  <div class='ocr_page' id='page_1' title='image "./dieannalendesta00tacigoog_0167.png"; bbox 0 0 2722 4762; ppageno 0'>
   <div class='ocr_carea' id='block_1_1' title="bbox 159 183 1012 249">
    <p class='ocr_par' dir='ltr' id='par_1_1' title="bbox 159 183 1012 249">
     <span class='ocr_line' id='line_1_1' title="bbox 159 183 1012 249; baseline -0.011 0"><span class='ocrx_word' id='word_1_1' title='bbox 159 186 224 249; x_wconf 82' lang='grc'>150</span> <span class='ocrx_word' id='word_1_2' title='bbox 477 183 650 240; x_wconf 79' lang='lat' dir='ltr'>CORNELII</span> <span class='ocrx_word' id='word_1_3' title='bbox 668 183 793 240; x_wconf 79' lang='lat' dir='ltr'>TACITI</span> <span class='ocrx_word' id='word_1_4' title='bbox 811 183 1012 240; x_wconf 79' lang='lat' dir='ltr'><strong>ANNALIUM</strong></span> 
     </span>
    </p>
   </div>
   <div class='ocr_carea' id='block_1_2' title="bbox 123 344 1212 433">
    <p class='ocr_par' dir='ltr' id='par_1_2' title="bbox 123 344 1212 433">
     <span class='ocr_line' id='line_1_2' title="bbox 123 344 1212 433; baseline -0.001 -22"><span class='ocrx_word' id='word_1_5' title='bbox 123 363 138 410; x_wconf 83' lang='lat'>5</span> <span class='ocrx_word' id='word_1_6' title='bbox 158 349 283 432; x_wconf 91' lang='lat' dir='ltr'>reperio</span> <span class='ocrx_word' id='word_1_7' title='bbox 306 349 372 413; x_wconf 95' lang='lat' dir='ltr'>ullc</span> <span class='ocrx_word' id='word_1_8' title='bbox 392 348 515 433; x_wconf 86' lang='lat' dir='ltr'>insigni</span> <span class='ocrx_word' id='word_1_9' title='bbox 538 347 646 413; x_wconf 88' lang='lat' dir='ltr'>officio</span> <span class='ocrx_word' id='word_1_10' title='bbox 669 347 829 430; x_wconf 90' lang='lat' dir='ltr'>functam,</span> <span class='ocrx_word' id='word_1_11' title='bbox 847 367 920 410; x_wconf 91' lang='lat' dir='ltr'>cum</span> <span class='ocrx_word' id='word_1_12' title='bbox 943 367 1041 430; x_wconf 87' lang='lat' dir='ltr'>supcr</span> <span class='ocrx_word' id='word_1_13' title='bbox 1058 344 1212 431; x_wconf 83' lang='lat' dir='ltr'>Agrippir</span> 
     </span>
    </p>
   </div>
   <div class='ocr_carea' id='block_1_3' title="bbox 112 435 1213 2816">
    <p class='ocr_par' dir='ltr' id='par_1_3' title="bbox 157 435 1212 786">
     <span class='ocr_line' id='line_1_3' title="bbox 158 435 1212 520; baseline -0.001 -21"><span class='ocrx_word' id='word_1_14' title='bbox 158 435 298 501; x_wconf 86' lang='lat' dir='ltr'>Drusum</span> <span class='ocrx_word' id='word_1_15' title='bbox 329 441 361 501; x_wconf 90' lang='lat' dir='ltr'>et</span> <span class='ocrx_word' id='word_1_16' title='bbox 384 436 554 502; x_wconf 78' lang='lat' dir='ltr'>Claudium</span> <span class='ocrx_word' id='word_1_17' title='bbox 587 437 685 500; x_wconf 90' lang='lat' dir='ltr'>ceteri</span> <span class='ocrx_word' id='word_1_18' title='bbox 721 457 847 520; x_wconf 85' lang='lat' dir='ltr'>quoquo</span> <span class='ocrx_word' id='word_1_19' title='bbox 876 435 1109 520; x_wconf 74' lang='lat' dir='ltr'>consanguinei</span> <span class='ocrx_word' id='word_1_20' title='bbox 1136 457 1212 500; x_wconf 91' lang='lat' dir='ltr'>nom</span> 
     </span>
     <span class='ocr_line' id='line_1_4' title="bbox 157 523 1212 608; baseline -0.001 -20"><span class='ocrx_word' id='word_1_21' title='bbox 157 525 329 608; x_wconf 74' lang='lat' dir='ltr'>perscripti</span> <span class='ocrx_word' id='word_1_22' title='bbox 353 526 426 608; x_wconf 88' lang='lat' dir='ltr'>sint,</span> <span class='ocrx_word' id='word_1_23' title='bbox 451 547 506 589; x_wconf 92' lang='lat' dir='ltr'>seu</span> <span class='ocrx_word' id='word_1_24' title='bbox 530 524 714 589; x_wconf 87' lang='lat' dir='ltr'>valetudine</span> <span class='ocrx_word' id='word_1_25' title='bbox 736 523 1014 607; x_wconf 77' lang='lat' dir='ltr'>praepediebatur,</span> <span class='ocrx_word' id='word_1_26' title='bbox 1038 545 1095 588; x_wconf 86' lang='lat' dir='ltr'>seu</span> <span class='ocrx_word' id='word_1_27' title='bbox 1117 524 1212 588; x_wconf 78' lang='lat' dir='ltr'>victui</span> 
     </span>
     <span class='ocr_line' id='line_1_5' title="bbox 159 611 1212 698; baseline -0.002 -22"><span class='ocrx_word' id='word_1_28' title='bbox 159 615 285 678; x_wconf 90' lang='lat' dir='ltr'>animus</span> <span class='ocrx_word' id='word_1_29' title='bbox 306 614 562 698; x_wconf 89' lang='lat' dir='ltr'>magnitudinem</span> <span class='ocrx_word' id='word_1_30' title='bbox 582 613 660 677; x_wconf 89' lang='lat' dir='ltr'>mali</span> <span class='ocrx_word' id='word_1_31' title='bbox 678 612 819 695; x_wconf 87' lang='lat' dir='ltr'>perferre</span> <span class='ocrx_word' id='word_1_32' title='bbox 838 611 910 676; x_wconf 78' lang='lat' dir='ltr'>visu</span> <span class='ocrx_word' id='word_1_33' title='bbox 928 633 994 677; x_wconf 92' lang='lat' dir='ltr'>non</span> <span class='ocrx_word' id='word_1_34' title='bbox 1014 612 1175 677; x_wconf 82' lang='lat' dir='ltr'>toleravit.</span> <span class='ocrx_word' id='word_1_35' title='bbox 1205 615 1212 674; x_wconf 88' lang='lat' dir='ltr'>l</span> 
     </span>
     <span class='ocr_line' id='line_1_6' title="bbox 159 700 1212 786; baseline -0.003 -21"><span class='ocrx_word' id='word_1_36' title='bbox 159 701 348 766; x_wconf 83' lang='lat' dir='ltr'>crediderim</span> <span class='ocrx_word' id='word_1_37' title='bbox 381 703 511 766; x_wconf 85' lang='lat' dir='ltr'>Tiberio</span> <span class='ocrx_word' id='word_1_38' title='bbox 545 706 579 765; x_wconf 89' lang='lat' dir='ltr'>et</span> <span class='ocrx_word' id='word_1_39' title='bbox 610 702 773 786; x_wconf 85' lang='lat' dir='ltr'>Augusta,</span> <span class='ocrx_word' id='word_1_40' title='bbox 809 701 864 785; x_wconf 91' lang='lat' dir='ltr'>qui</span> <span class='ocrx_word' id='word_1_41' title='bbox 897 700 994 765; x_wconf 85' lang='lat' dir='ltr'>domu</span> <span class='ocrx_word' id='word_1_42' title='bbox 1025 721 1093 765; x_wconf 91' lang='lat' dir='ltr'>non</span> <span class='ocrx_word' id='word_1_43' title='bbox 1128 721 1212 765; x_wconf 79' lang='lat' dir='ltr'>exce(</span> 
     </span>
    </p>

    <p class='ocr_par' dir='ltr' id='par_1_4' title="bbox 117 789 1212 963">
     <span class='ocr_line' id='line_1_7' title="bbox 117 789 1212 875; baseline 0.003 -26"><span class='ocrx_word' id='word_1_44' title='bbox 117 804 149 850; x_wconf 92' lang='lat'>10</span> <span class='ocrx_word' id='word_1_45' title='bbox 160 790 345 875; x_wconf 88' lang='lat' dir='ltr'>cohibitam,</span> <span class='ocrx_word' id='word_1_46' title='bbox 368 795 405 855; x_wconf 91' lang='lat' dir='ltr'>ut</span> <span class='ocrx_word' id='word_1_47' title='bbox 427 812 487 874; x_wconf 89' lang='lat' dir='ltr'>par</span> <span class='ocrx_word' id='word_1_48' title='bbox 510 811 636 854; x_wconf 89' lang='lat' dir='ltr'>maeror</span> <span class='ocrx_word' id='word_1_49' title='bbox 664 793 697 854; x_wconf 91' lang='lat' dir='ltr'>et</span> <span class='ocrx_word' id='word_1_50' title='bbox 724 789 839 852; x_wconf 90' lang='lat' dir='ltr'>matris</span> <span class='ocrx_word' id='word_1_51' title='bbox 871 789 1018 871; x_wconf 87' lang='lat' dir='ltr'>exemplo</span> <span class='ocrx_word' id='word_1_52' title='bbox 1047 789 1122 853; x_wconf 87' lang='lat' dir='ltr'>avia</span> <span class='ocrx_word' id='word_1_53' title='bbox 1150 811 1212 875; x_wconf 90' lang='lat' dir='ltr'>quo</span> 
     </span>
     <span class='ocr_line' id='line_1_8' title="bbox 157 878 665 963; baseline -0.002 -20"><span class='ocrx_word' id='word_1_54' title='bbox 157 883 292 963; x_wconf 89' lang='lat' dir='ltr'>patruus</span> <span class='ocrx_word' id='word_1_55' title='bbox 317 880 448 943; x_wconf 87' lang='lat' dir='ltr'>attineri</span> <span class='ocrx_word' id='word_1_56' title='bbox 472 878 665 943; x_wconf 84' lang='lat' dir='ltr'>viderentur.</span> 
     </span>
    </p>

    <p class='ocr_par' dir='ltr' id='par_1_5' title="bbox 126 963 1213 1316">
     <span class='ocr_line' id='line_1_9' title="bbox 126 963 1213 1051; baseline 0.002 -25"><span class='ocrx_word' id='word_1_57' title='bbox 126 964 148 1026; x_wconf 80' lang='lat'>4</span> <span class='ocrx_word' id='word_1_58' title='bbox 245 968 338 1049; x_wconf 83' lang='lat' dir='ltr'>Dies,</span> <span class='ocrx_word' id='word_1_59' title='bbox 370 989 434 1051; x_wconf 94' lang='lat' dir='ltr'>quo</span> <span class='ocrx_word' id='word_1_60' title='bbox 466 967 622 1051; x_wconf 83' lang='lat' dir='ltr'>reliquiae</span> <span class='ocrx_word' id='word_1_61' title='bbox 653 966 780 1030; x_wconf 91' lang='lat' dir='ltr'>tumulo</span> <span class='ocrx_word' id='word_1_62' title='bbox 803 965 945 1050; x_wconf 84' lang='lat' dir='ltr'>Augusti</span> <span class='ocrx_word' id='word_1_63' title='bbox 973 963 1213 1048; x_wconf 83' lang='lat' dir='ltr'>inferebantur,</span> 
     </span>
     <span class='ocr_line' id='line_1_10' title="bbox 157 1053 1212 1139; baseline -0.003 -19"><span class='ocrx_word' id='word_1_64' title='bbox 157 1077 216 1139; x_wconf 92' lang='lat' dir='ltr'>per</span> <span class='ocrx_word' id='word_1_65' title='bbox 244 1057 407 1120; x_wconf 89' lang='lat' dir='ltr'>silentium</span> <span class='ocrx_word' id='word_1_66' title='bbox 441 1059 568 1138; x_wconf 85' lang='lat' dir='ltr'>vastus,</span> <span class='ocrx_word' id='word_1_67' title='bbox 600 1055 696 1120; x_wconf 92' lang='lat' dir='ltr'>modo</span> <span class='ocrx_word' id='word_1_68' title='bbox 728 1054 910 1137; x_wconf 89' lang='lat' dir='ltr'>ploratibus</span> <span class='ocrx_word' id='word_1_69' title='bbox 941 1053 1084 1137; x_wconf 70' lang='lat' dir='ltr'>inquies,</span> <span class='ocrx_word' id='word_1_70' title='bbox 1116 1054 1212 1137; x_wconf 90' lang='lat' dir='ltr'>plena</span> 
     </span>
     <span class='ocr_line' id='line_1_11' title="bbox 158 1141 1212 1227; baseline -0.002 -20"><span class='ocrx_word' id='word_1_71' title='bbox 158 1145 285 1227; x_wconf 87' lang='lat' dir='ltr'>itinera,</span> <span class='ocrx_word' id='word_1_72' title='bbox 309 1145 517 1208; x_wconf 72' lang='lat' dir='ltr'>conlucentes</span> <span class='ocrx_word' id='word_1_73' title='bbox 536 1166 594 1227; x_wconf 90' lang='lat' dir='ltr'>per</span> <span class='ocrx_word' id='word_1_74' title='bbox 613 1165 762 1225; x_wconf 91' lang='lat' dir='ltr'>campum</span> <span class='ocrx_word' id='word_1_75' title='bbox 785 1142 902 1206; x_wconf 88' lang='lat' dir='ltr'>Martis</span> <span class='ocrx_word' id='word_1_76' title='bbox 920 1141 1018 1206; x_wconf 86' lang='lat' dir='ltr'>faces.</span> <span class='ocrx_word' id='word_1_77' title='bbox 1053 1141 1123 1206; x_wconf 91' lang='lat' dir='ltr'>illic</span> <span class='ocrx_word' id='word_1_78' title='bbox 1146 1143 1212 1205; x_wconf 76' lang='lat' dir='ltr'>mili</span> 
     </span>
     <span class='ocr_line' id='line_1_12' title="bbox 159 1229 1210 1316; baseline 0 -22"><span class='ocrx_word' id='word_1_79' title='bbox 159 1232 272 1313; x_wconf 89' lang='lat' dir='ltr'>armis,</span> <span class='ocrx_word' id='word_1_80' title='bbox 296 1233 364 1296; x_wconf 91' lang='lat' dir='ltr'>sine</span> <span class='ocrx_word' id='word_1_81' title='bbox 392 1232 576 1316; x_wconf 84' lang='lat' dir='ltr'>insignibus</span> <span class='ocrx_word' id='word_1_82' title='bbox 605 1233 829 1315; x_wconf 75' lang='lat' dir='ltr'>magistratus,</span> <span class='ocrx_word' id='word_1_83' title='bbox 857 1229 998 1314; x_wconf 89' lang='lat' dir='ltr'>populus</span> <span class='ocrx_word' id='word_1_84' title='bbox 1030 1252 1090 1314; x_wconf 89' lang='lat' dir='ltr'>per</span> <span class='ocrx_word' id='word_1_85' title='bbox 1119 1231 1210 1294; x_wconf 87' lang='lat' dir='ltr'>tribu</span> 
     </span>
    </p>

    <p class='ocr_par' dir='ltr' id='par_1_6' title="bbox 123 1318 1212 1758">
     <span class='ocr_line' id='line_1_13' title="bbox 123 1318 1211 1403; baseline 0.002 -22"><span class='ocrx_word' id='word_1_86' title='bbox 123 1333 139 1379; x_wconf 77' lang='lat'><strong>5</strong></span> <span class='ocrx_word' id='word_1_87' title='bbox 160 1320 274 1384; x_wconf 88' lang='lat' dir='ltr'>cidisse</span> <span class='ocrx_word' id='word_1_88' title='bbox 296 1343 364 1383; x_wconf 90' lang='lat' dir='ltr'>rem</span> <span class='ocrx_word' id='word_1_89' title='bbox 378 1321 551 1403; x_wconf 88' lang='lat' dir='ltr'>publicam,</span> <span class='ocrx_word' id='word_1_90' title='bbox 565 1320 646 1384; x_wconf 91' lang='lat' dir='ltr'>nihil</span> <span class='ocrx_word' id='word_1_91' title='bbox 662 1319 730 1402; x_wconf 91' lang='lat' dir='ltr'>spei</span> <span class='ocrx_word' id='word_1_92' title='bbox 744 1319 903 1403; x_wconf 90' lang='lat' dir='ltr'>reliquum</span> <span class='ocrx_word' id='word_1_93' title='bbox 917 1318 1138 1400; x_wconf 86' lang='lat' dir='ltr'>clamitabant,</span> <span class='ocrx_word' id='word_1_94' title='bbox 1151 1341 1211 1402; x_wconf 91' lang='lat' dir='ltr'>pro</span> 
     </span>
     <span class='ocr_line' id='line_1_14' title="bbox 159 1407 1212 1492; baseline 0 -22"><span class='ocrx_word' id='word_1_95' title='bbox 159 1408 364 1492; x_wconf 86' lang='lat' dir='ltr'>apertiusque</span> <span class='ocrx_word' id='word_1_96' title='bbox 384 1431 481 1492; x_wconf 88' lang='lat' dir='ltr'>quam</span> <span class='ocrx_word' id='word_1_97' title='bbox 504 1413 541 1472; x_wconf 90' lang='lat' dir='ltr'>ut</span> <span class='ocrx_word' id='word_1_98' title='bbox 563 1408 748 1472; x_wconf 88' lang='lat' dir='ltr'>meminisse</span> <span class='ocrx_word' id='word_1_99' title='bbox 775 1407 1032 1491; x_wconf 88' lang='lat' dir='ltr'>imperitantium</span> <span class='ocrx_word' id='word_1_100' title='bbox 1059 1407 1212 1471; x_wconf 88' lang='lat' dir='ltr'>crederes.</span> 
     </span>
     <span class='ocr_line' id='line_1_15' title="bbox 157 1495 1212 1581; baseline 0.001 -24"><span class='ocrx_word' id='word_1_101' title='bbox 157 1498 268 1560; x_wconf 89' lang='lat' dir='ltr'>tamen</span> <span class='ocrx_word' id='word_1_102' title='bbox 308 1496 475 1560; x_wconf 87' lang='lat' dir='ltr'>Tiberium</span> <span class='ocrx_word' id='word_1_103' title='bbox 511 1497 616 1581; x_wconf 83' lang='lat' dir='ltr'>magis</span> <span class='ocrx_word' id='word_1_104' title='bbox 659 1497 843 1580; x_wconf 85' lang='lat' dir='ltr'>penetravit</span> <span class='ocrx_word' id='word_1_105' title='bbox 881 1517 979 1580; x_wconf 87' lang='lat' dir='ltr'>quam</span> <span class='ocrx_word' id='word_1_106' title='bbox 1019 1495 1128 1559; x_wconf 91' lang='lat' dir='ltr'>studia</span> <span class='ocrx_word' id='word_1_107' title='bbox 1165 1496 1212 1560; x_wconf 75' lang='lat' dir='ltr'>ho]</span> 
     </span>
     <span class='ocr_line' id='line_1_16' title="bbox 158 1583 1212 1670; baseline 0 -23"><span class='ocrx_word' id='word_1_108' title='bbox 158 1605 293 1648; x_wconf 88' lang='lat' dir='ltr'>accensa</span> <span class='ocrx_word' id='word_1_109' title='bbox 325 1586 360 1648; x_wconf 90' lang='lat' dir='ltr'>in</span> <span class='ocrx_word' id='word_1_110' title='bbox 387 1585 620 1670; x_wconf 83' lang='lat' dir='ltr'>Agrippinam,</span> <span class='ocrx_word' id='word_1_111' title='bbox 657 1607 730 1649; x_wconf 91' lang='lat' dir='ltr'>cum</span> <span class='ocrx_word' id='word_1_112' title='bbox 763 1584 858 1649; x_wconf 91' lang='lat' dir='ltr'>decus</span> <span class='ocrx_word' id='word_1_113' title='bbox 890 1585 1025 1668; x_wconf 85' lang='lat' dir='ltr'>patriae,</span> <span class='ocrx_word' id='word_1_114' title='bbox 1058 1583 1165 1648; x_wconf 92' lang='lat' dir='ltr'>solum</span> <span class='ocrx_word' id='word_1_115' title='bbox 1193 1585 1212 1647; x_wconf 74' lang='lat' dir='ltr'>s.</span> 
     </span>
     <span class='ocr_line' id='line_1_17' title="bbox 159 1671 1212 1758; baseline -0.001 -23"><span class='ocrx_word' id='word_1_116' title='bbox 159 1673 360 1757; x_wconf 86' lang='lat' dir='ltr'>sanguinem,</span> <span class='ocrx_word' id='word_1_117' title='bbox 383 1674 514 1738; x_wconf 89' lang='lat' dir='ltr'>unicum</span> <span class='ocrx_word' id='word_1_118' title='bbox 539 1673 744 1758; x_wconf 88' lang='lat' dir='ltr'>antiquitatis</span> <span class='ocrx_word' id='word_1_119' title='bbox 773 1673 935 1756; x_wconf 88' lang='lat' dir='ltr'>specimen</span> <span class='ocrx_word' id='word_1_120' title='bbox 961 1671 1212 1756; x_wconf 69' lang='lat' dir='ltr'>appellarentur</span> 
     </span>
    </p>

    <p class='ocr_par' dir='ltr' id='par_1_7' title="bbox 114 1761 1212 1933">
     <span class='ocr_line' id='line_1_18' title="bbox 114 1761 1212 1847; baseline 0.003 -26"><span class='ocrx_word' id='word_1_121' title='bbox 114 1773 147 1821; x_wconf 90' lang='lat'>10</span> <span class='ocrx_word' id='word_1_122' title='bbox 158 1761 198 1824; x_wconf 90' lang='lat' dir='ltr'>ad</span> <span class='ocrx_word' id='word_1_123' title='bbox 221 1761 349 1826; x_wconf 91' lang='lat' dir='ltr'>caelum</span> <span class='ocrx_word' id='word_1_124' title='bbox 373 1785 409 1826; x_wconf 93' lang='lat' dir='ltr'>ac</span> <span class='ocrx_word' id='word_1_125' title='bbox 433 1762 510 1827; x_wconf 86' lang='lat' dir='ltr'>deos</span> <span class='ocrx_word' id='word_1_126' title='bbox 533 1763 694 1847; x_wconf 88' lang='lat' dir='ltr'>integram</span> <span class='ocrx_word' id='word_1_127' title='bbox 721 1761 771 1825; x_wconf 84' lang='lat' dir='ltr'>illi</span> <span class='ocrx_word' id='word_1_128' title='bbox 799 1761 946 1825; x_wconf 89' lang='lat' dir='ltr'>subolem</span> <span class='ocrx_word' id='word_1_129' title='bbox 974 1781 1012 1824; x_wconf 89' lang='lat' dir='ltr'>ac</span> <span class='ocrx_word' id='word_1_130' title='bbox 1040 1761 1212 1845; x_wconf 88' lang='lat' dir='ltr'>superstite</span> 
     </span>
     <span class='ocr_line' id='line_1_19' title="bbox 156 1854 531 1933; baseline 0.005 -19"><span class='ocrx_word' id='word_1_131' title='bbox 156 1871 293 1933; x_wconf 91' lang='lat' dir='ltr'>quorum</span> <span class='ocrx_word' id='word_1_132' title='bbox 315 1854 531 1931; x_wconf 87' lang='lat' dir='ltr'>precarentur.</span> 
     </span>
    </p>

    <p class='ocr_par' dir='ltr' id='par_1_8' title="bbox 125 1937 1212 2288">
     <span class='ocr_line' id='line_1_20' title="bbox 125 1937 1212 2024; baseline 0.002 -26"><span class='ocrx_word' id='word_1_133' title='bbox 125 1937 147 1998; x_wconf 79' lang='lat'>5</span> <span class='ocrx_word' id='word_1_134' title='bbox 244 1937 347 2003; x_wconf 86' lang='lat' dir='ltr'>Fuere</span> <span class='ocrx_word' id='word_1_135' title='bbox 371 1940 427 2024; x_wconf 91' lang='lat' dir='ltr'>qui</span> <span class='ocrx_word' id='word_1_136' title='bbox 449 1939 573 2022; x_wconf 89' lang='lat' dir='ltr'>publici</span> <span class='ocrx_word' id='word_1_137' title='bbox 604 1938 728 2002; x_wconf 88' lang='lat' dir='ltr'>funeris</span> <span class='ocrx_word' id='word_1_138' title='bbox 755 1959 909 2022; x_wconf 89' lang='lat' dir='ltr'>pompam</span> <span class='ocrx_word' id='word_1_139' title='bbox 941 1937 1144 2021; x_wconf 89' lang='lat' dir='ltr'>requirerent</span> <span class='ocrx_word' id='word_1_140' title='bbox 1166 1959 1212 2001; x_wconf 81' lang='lat' dir='ltr'>co]</span> 
     </span>
     <span class='ocr_line' id='line_1_21' title="bbox 155 2025 1212 2111; baseline 0 -22"><span class='ocrx_word' id='word_1_141' title='bbox 155 2030 290 2110; x_wconf 89' lang='lat' dir='ltr'>rentque</span> <span class='ocrx_word' id='word_1_142' title='bbox 314 2049 394 2111; x_wconf 89' lang='lat' dir='ltr'>quae</span> <span class='ocrx_word' id='word_1_143' title='bbox 418 2028 454 2090; x_wconf 92' lang='lat' dir='ltr'>in</span> <span class='ocrx_word' id='word_1_144' title='bbox 476 2025 619 2092; x_wconf 91' lang='lat' dir='ltr'>Drusum</span> <span class='ocrx_word' id='word_1_145' title='bbox 641 2031 768 2110; x_wconf 85' lang='lat' dir='ltr'>patrem</span> <span class='ocrx_word' id='word_1_146' title='bbox 792 2025 977 2091; x_wconf 82' lang='lat' dir='ltr'>Germanici</span> <span class='ocrx_word' id='word_1_147' title='bbox 1001 2025 1128 2090; x_wconf 90' lang='lat' dir='ltr'>honora</span> <span class='ocrx_word' id='word_1_148' title='bbox 1150 2030 1185 2090; x_wconf 89' lang='lat' dir='ltr'>et</span> <span class='ocrx_word' id='word_1_149' title='bbox 1206 2048 1212 2088; x_wconf 81' lang='lat' dir='ltr'>i</span> 
     </span>
     <span class='ocr_line' id='line_1_22' title="bbox 155 2113 1212 2199; baseline 0.002 -24"><span class='ocrx_word' id='word_1_150' title='bbox 155 2113 217 2178; x_wconf 90' lang='lat' dir='ltr'>fica</span> <span class='ocrx_word' id='word_1_151' title='bbox 231 2115 400 2199; x_wconf 87' lang='lat' dir='ltr'>Augustus</span> <span class='ocrx_word' id='word_1_152' title='bbox 415 2116 553 2179; x_wconf 89' lang='lat' dir='ltr'>fecisset.</span> <span class='ocrx_word' id='word_1_153' title='bbox 585 2116 694 2198; x_wconf 88' lang='lat' dir='ltr'>ipsum</span> <span class='ocrx_word' id='word_1_154' title='bbox 708 2115 827 2198; x_wconf 89' lang='lat' dir='ltr'>quippe</span> <span class='ocrx_word' id='word_1_155' title='bbox 846 2115 1023 2198; x_wconf 91' lang='lat' dir='ltr'>asperrimo</span> <span class='ocrx_word' id='word_1_156' title='bbox 1049 2114 1168 2178; x_wconf 86' lang='lat' dir='ltr'>hiemis</span> <span class='ocrx_word' id='word_1_157' title='bbox 1183 2114 1212 2178; x_wconf 73' lang='grc' dir='ltr'>Τ,</span> 
     </span>
     <span class='ocr_line' id='line_1_23' title="bbox 156 2203 1194 2288; baseline 0.003 -25"><span class='ocrx_word' id='word_1_158' title='bbox 156 2223 257 2285; x_wconf 86' lang='lat' dir='ltr'>usque</span> <span class='ocrx_word' id='word_1_159' title='bbox 280 2224 489 2288; x_wconf 88' lang='lat' dir='ltr'>progressum</span> <span class='ocrx_word' id='word_1_160' title='bbox 512 2225 616 2287; x_wconf 93' lang='lat' dir='ltr'>neque</span> <span class='ocrx_word' id='word_1_161' title='bbox 640 2204 867 2268; x_wconf 88' lang='lat' dir='ltr'>abscedentem</span> <span class='ocrx_word' id='word_1_162' title='bbox 895 2225 915 2266; x_wconf 90' lang='lat' dir='ltr'>a</span> <span class='ocrx_word' id='word_1_163' title='bbox 938 2224 1073 2286; x_wconf 90' lang='lat' dir='ltr'>corpore</span> <span class='ocrx_word' id='word_1_164' title='bbox 1097 2203 1194 2267; x_wconf 89' lang='lat' dir='ltr'>simul</span> 
     </span>
    </p>

    <p class='ocr_par' dir='ltr' id='par_1_9' title="bbox 121 2289 1212 2729">
     <span class='ocr_line' id='line_1_24' title="bbox 121 2289 1212 2374; baseline 0.004 -24"><span class='ocrx_word' id='word_1_165' title='bbox 121 2303 136 2350; x_wconf 84' lang='lat'><strong>5</strong></span> <span class='ocrx_word' id='word_1_166' title='bbox 156 2289 338 2354; x_wconf 86' lang='lat' dir='ltr'>intravisse.</span> <span class='ocrx_word' id='word_1_167' title='bbox 371 2291 580 2356; x_wconf 88' lang='lat' dir='ltr'>circumfusas</span> <span class='ocrx_word' id='word_1_168' title='bbox 599 2293 682 2356; x_wconf 90' lang='lat' dir='ltr'>lecto</span> <span class='ocrx_word' id='word_1_169' title='bbox 697 2290 905 2356; x_wconf 77' lang='lat' dir='ltr'>Claudiorum</span> <span class='ocrx_word' id='word_1_170' title='bbox 919 2290 1139 2374; x_wconf 90' lang='lat' dir='ltr'>Iuliorumque</span> <span class='ocrx_word' id='word_1_171' title='bbox 1157 2289 1212 2354; x_wconf 73' lang='lat' dir='ltr'>imi</span> 
     </span>
     <span class='ocr_line' id='line_1_25' title="bbox 157 2377 1212 2464; baseline 0.002 -24"><span class='ocrx_word' id='word_1_172' title='bbox 157 2377 308 2442; x_wconf 89' lang='lat' dir='ltr'>defletum</span> <span class='ocrx_word' id='word_1_173' title='bbox 339 2379 375 2442; x_wconf 94' lang='lat' dir='ltr'>in</span> <span class='ocrx_word' id='word_1_174' title='bbox 404 2380 491 2462; x_wconf 85' lang='lat' dir='ltr'>fora,</span> <span class='ocrx_word' id='word_1_175' title='bbox 514 2381 680 2444; x_wconf 91' lang='lat' dir='ltr'>laudatum</span> <span class='ocrx_word' id='word_1_176' title='bbox 712 2402 772 2464; x_wconf 90' lang='lat' dir='ltr'>pro</span> <span class='ocrx_word' id='word_1_177' title='bbox 801 2379 930 2463; x_wconf 89' lang='lat' dir='ltr'>rostris,</span> <span class='ocrx_word' id='word_1_178' title='bbox 958 2382 1074 2444; x_wconf 87' lang='lat' dir='ltr'>cuncta</span> <span class='ocrx_word' id='word_1_179' title='bbox 1107 2401 1128 2443; x_wconf 88' lang='lat' dir='ltr'>a</span> <span class='ocrx_word' id='word_1_180' title='bbox 1150 2380 1212 2443; x_wconf 91' lang='lat' dir='ltr'>mai</span> 
     </span>
     <span class='ocr_line' id='line_1_26' title="bbox 155 2466 1212 2551; baseline 0.002 -23"><span class='ocrx_word' id='word_1_181' title='bbox 155 2471 284 2549; x_wconf 90' lang='lat' dir='ltr'>reperta</span> <span class='ocrx_word' id='word_1_182' title='bbox 312 2471 369 2531; x_wconf 87' lang='lat' dir='ltr'>aut</span> <span class='ocrx_word' id='word_1_183' title='bbox 396 2490 478 2551; x_wconf 91' lang='lat' dir='ltr'>quae</span> <span class='ocrx_word' id='word_1_184' title='bbox 506 2469 629 2551; x_wconf 91' lang='lat' dir='ltr'>posteri</span> <span class='ocrx_word' id='word_1_185' title='bbox 657 2469 841 2533; x_wconf 84' lang='lat' dir='ltr'>invenerint</span> <span class='ocrx_word' id='word_1_186' title='bbox 869 2469 1039 2532; x_wconf 87' lang='lat' dir='ltr'>cumulata.</span> <span class='ocrx_word' id='word_1_187' title='bbox 1076 2471 1112 2531; x_wconf 87' lang='lat' dir='ltr'>at</span> <span class='ocrx_word' id='word_1_188' title='bbox 1135 2466 1212 2532; x_wconf 86' lang='lat' dir='ltr'>Gerr</span> 
     </span>
     <span class='ocr_line' id='line_1_27' title="bbox 154 2555 1212 2641; baseline 0.003 -25"><span class='ocrx_word' id='word_1_189' title='bbox 154 2575 195 2616; x_wconf 89' lang='lat' dir='ltr'>ne</span> <span class='ocrx_word' id='word_1_190' title='bbox 215 2555 330 2619; x_wconf 86' lang='lat' dir='ltr'>solitos</span> <span class='ocrx_word' id='word_1_191' title='bbox 354 2556 483 2640; x_wconf 90' lang='lat' dir='ltr'>quidem</span> <span class='ocrx_word' id='word_1_192' title='bbox 516 2563 549 2620; x_wconf 91' lang='lat' dir='ltr'>et</span> <span class='ocrx_word' id='word_1_193' title='bbox 581 2557 769 2641; x_wconf 89' lang='lat' dir='ltr'>cuicumque</span> <span class='ocrx_word' id='word_1_194' title='bbox 798 2557 902 2621; x_wconf 91' lang='lat' dir='ltr'>nobili</span> <span class='ocrx_word' id='word_1_195' title='bbox 934 2555 1061 2621; x_wconf 88' lang='lat' dir='ltr'>debitos</span> <span class='ocrx_word' id='word_1_196' title='bbox 1089 2555 1212 2620; x_wconf 90' lang='lat' dir='ltr'>honore</span> 
     </span>
     <span class='ocr_line' id='line_1_28' title="bbox 154 2642 1212 2729; baseline 0.005 -25"><span class='ocrx_word' id='word_1_197' title='bbox 154 2642 279 2727; x_wconf 89' lang='lat' dir='ltr'>tigisse.</span> <span class='ocrx_word' id='word_1_198' title='bbox 303 2666 380 2708; x_wconf 88' lang='lat' dir='ltr'>sane</span> <span class='ocrx_word' id='word_1_199' title='bbox 400 2667 515 2727; x_wconf 90' lang='lat' dir='ltr'>corpus</span> <span class='ocrx_word' id='word_1_200' title='bbox 539 2647 580 2710; x_wconf 93' lang='lat' dir='ltr'>ob</span> <span class='ocrx_word' id='word_1_201' title='bbox 599 2645 873 2729; x_wconf 87' lang='lat' dir='ltr'>longinquitatem</span> <span class='ocrx_word' id='word_1_202' title='bbox 896 2645 1050 2708; x_wconf 88' lang='lat' dir='ltr'>itinerum</span> <span class='ocrx_word' id='word_1_203' title='bbox 1073 2645 1212 2709; x_wconf 84' lang='lat' dir='ltr'>externis</span> 
     </span>
    </p>

    <p class='ocr_par' dir='ltr' id='par_1_10' title="bbox 112 2732 1204 2816">
     <span class='ocr_line' id='line_1_29' title="bbox 112 2732 1204 2816; baseline 0.006 -25"><span class='ocrx_word' id='word_1_204' title='bbox 112 2744 284 2815; x_wconf 83' lang='lat' dir='ltr'>roquoquo</span> <span class='ocrx_word' id='word_1_205' title='bbox 307 2733 403 2797; x_wconf 91' lang='lat' dir='ltr'>modo</span> <span class='ocrx_word' id='word_1_206' title='bbox 436 2736 626 2798; x_wconf 88' lang='lat' dir='ltr'>crematum:</span> <span class='ocrx_word' id='word_1_207' title='bbox 655 2733 710 2797; x_wconf 89' lang='lat' dir='ltr'>sed</span> <span class='ocrx_word' id='word_1_208' title='bbox 737 2737 829 2798; x_wconf 90' lang='lat' dir='ltr'>tanto</span> <span class='ocrx_word' id='word_1_209' title='bbox 862 2732 958 2816; x_wconf 92' lang='lat' dir='ltr'>plura</span> <span class='ocrx_word' id='word_1_210' title='bbox 990 2732 1105 2798; x_wconf 90' lang='lat' dir='ltr'>decora</span> <span class='ocrx_word' id='word_1_211' title='bbox 1130 2755 1204 2798; x_wconf 87' lang='lat' dir='ltr'>mox</span> 
     </span>
    </p>
   </div>
   <div class='ocr_carea' id='block_1_4' title="bbox 155 2923 1212 3224">
    <p class='ocr_par' dir='ltr' id='par_1_11' title="bbox 155 2923 1212 3224">
     <span class='ocr_line' id='line_1_30' title="bbox 156 2923 1191 2994; baseline 0.002 -17"><span class='ocrx_word' id='word_1_212' title='bbox 156 2923 287 2994; x_wconf 88' lang='lat' dir='ltr'>Zeitung‚</span> <span class='ocrx_word' id='word_1_213' title='bbox 314 2925 359 2980; x_wconf 90' lang='lat' dir='ltr'>die</span> <span class='ocrx_word' id='word_1_214' title='bbox 385 2927 439 2980; x_wconf 88' lang='lat' dir='ltr'>seit</span> <span class='ocrx_word' id='word_1_215' title='bbox 462 2926 585 2983; x_wconf 86' lang='lat' dir='ltr'>Caesar&#39;s</span> <span class='ocrx_word' id='word_1_216' title='bbox 612 2929 713 2982; x_wconf 86' lang='lat' dir='ltr'>erstem</span> <span class='ocrx_word' id='word_1_217' title='bbox 768 2925 843 2979; x_wconf 88' lang='lat' dir='ltr'>Post.</span> <span class='ocrx_word' id='word_1_218' title='bbox 864 2930 898 2979; x_wconf 87' lang='lat'>10</span> <span class='ocrx_word' id='word_1_219' title='bbox 921 2926 1111 2980; x_wconf 74' lang='lat' dir='ltr'>documentum</span> <span class='ocrx_word' id='word_1_220' title='bbox 1133 2926 1191 2992; x_wconf 78' lang='lat' dir='ltr'>fnit</span> 
     </span>
     <span class='ocr_line' id='line_1_31' title="bbox 155 2993 1212 3067; baseline 0.002 -20"><span class='ocrx_word' id='word_1_221' title='bbox 155 2993 306 3050; x_wconf 68' lang='lat' dir='ltr'>consulate</span> <span class='ocrx_word' id='word_1_222' title='bbox 324 2998 509 3067; x_wconf 84' lang='lat' dir='ltr'>regelm&#39;assig</span> <span class='ocrx_word' id='word_1_223' title='bbox 527 3000 660 3053; x_wconf 88' lang='lat' dir='ltr'>erschien.</span> <span class='ocrx_word' id='word_1_224' title='bbox 768 2997 819 3050; x_wconf 81' lang='lat' dir='ltr'>bus</span> <span class='ocrx_word' id='word_1_225' title='bbox 849 2997 952 3050; x_wconf 79' lang='lat' dir='ltr'>nostris</span> <span class='ocrx_word' id='word_1_226' title='bbox 983 2997 1108 3063; x_wconf 83' lang='lat' dir='ltr'>uirtutis,</span> <span class='ocrx_word' id='word_1_227' title='bbox 1142 2997 1212 3064; x_wconf 69' lang='lat' dir='ltr'>antiq</span> 
     </span>
     <span class='ocr_line' id='line_1_32' title="bbox 190 3067 938 3134; baseline 0.004 -15"><span class='ocrx_word' id='word_1_228' title='bbox 190 3071 214 3119; x_wconf 80' lang='grc' dir='ltr'>ὁ.</span> <span class='ocrx_word' id='word_1_229' title='bbox 247 3067 340 3120; x_wconf 88' lang='lat' dir='ltr'>Uebor</span> <span class='ocrx_word' id='word_1_230' title='bbox 356 3083 439 3134; x_wconf 85' lang='lat' dir='ltr'>cuper</span> <span class='ocrx_word' id='word_1_231' title='bbox 457 3088 478 3122; x_wconf 90' lang='lat' dir='ltr'>s.</span> <span class='ocrx_word' id='word_1_232' title='bbox 498 3069 571 3123; x_wconf 83' lang='lat' dir='ltr'>Einl.</span> <span class='ocrx_word' id='word_1_233' title='bbox 590 3074 613 3134; x_wconf 71' lang='lat'>§-</span> <span class='ocrx_word' id='word_1_234' title='bbox 634 3075 677 3122; x_wconf 83' lang='lat'>55.</span> <span class='ocrx_word' id='word_1_235' title='bbox 765 3067 938 3134; x_wconf 69' lang='lat' dir='ltr'>prudentiae.</span> 
     </span>
     <span class='ocr_line' id='line_1_33' title="bbox 190 3137 1212 3224; baseline 0.004 -36"><span class='ocrx_word' id='word_1_236' title='bbox 190 3142 216 3189; x_wconf 81' lang='lat'>9.</span> <span class='ocrx_word' id='word_1_237' title='bbox 251 3137 361 3189; x_wconf 81' lang='lat' dir='ltr'>Tiberio</span> <span class='ocrx_word' id='word_1_238' title='bbox 380 3139 406 3192; x_wconf 90' lang='lat' dir='ltr'>d.</span> <span class='ocrx_word' id='word_1_239' title='bbox 426 3139 454 3193; x_wconf 92' lang='lat' dir='ltr'>h.</span> <span class='ocrx_word' id='word_1_240' title='bbox 474 3140 563 3193; x_wconf 91' lang='lat' dir='ltr'>durch</span> <span class='ocrx_word' id='word_1_241' title='bbox 581 3139 631 3193; x_wconf 88' lang='lat' dir='ltr'>das</span> <span class='ocrx_word' id='word_1_242' title='bbox 650 3139 712 3192; x_wconf 90' lang='lat' dir='ltr'>Bei·</span> <span class='ocrx_word' id='word_1_243' title='bbox 803 3151 829 3208; x_wconf 46' lang='lat'>5,</span> <span class='ocrx_word' id='word_1_244' title='bbox 852 3161 874 3208; x_wconf 55' lang='lat'>1,</span> <span class='ocrx_word' id='word_1_245' title='bbox 897 3154 1054 3210; x_wconf 54' lang='lat' dir='ltr'>pgieffiche</span> <span class='ocrx_word' id='word_1_246' title='bbox 1072 3155 1212 3224; x_wconf 61' lang='lat' dir='ltr'>Begrqbnj</span> 
     </span>
    </p>
   </div>
   <div class='ocr_carea' id='block_1_5' title="bbox 153 3205 1212 3794">
    <p class='ocr_par' dir='ltr' id='par_1_12' title="bbox 153 3205 1212 3794">
     <span class='ocr_line' id='line_1_34' title="bbox 157 3205 1212 3295; baseline 0.007 -23"><span class='ocrx_word' id='word_1_247' title='bbox 157 3205 230 3272; x_wconf 69' lang='lat' dir='ltr'>smel</span> <span class='ocrx_word' id='word_1_248' title='bbox 248 3206 297 3258; x_wconf 71' lang='lat' dir='ltr'>aa</span> <span class='ocrx_word' id='word_1_249' title='bbox 317 3207 378 3261; x_wconf 70' lang='grc' dir='ltr'>Τὼ.</span> <span class='ocrx_word' id='word_1_250' title='bbox 768 3225 961 3281; x_wconf 71' lang='lat' dir='ltr'>saianans</span> <span class='ocrx_word' id='word_1_251' title='bbox 988 3226 1142 3295; x_wconf 58' lang='lat' dir='ltr'>mairam</span> <span class='ocrx_word' id='word_1_252' title='bbox 1173 3226 1212 3281; x_wconf 81' lang='lat' dir='ltr'>os</span> 
     </span>
     <span class='ocr_line' id='line_1_35' title="bbox 190 3290 1212 3365; baseline 0.007 -22"><span class='ocrx_word' id='word_1_253' title='bbox 190 3290 219 3347; x_wconf 84' lang='lat'>4.</span> <span class='ocrx_word' id='word_1_254' title='bbox 240 3299 264 3345; x_wconf 92' lang='lat'>1.</span> <span class='ocrx_word' id='word_1_255' title='bbox 284 3294 396 3362; x_wconf 84' lang='lat' dir='ltr'>tumulo,</span> <span class='ocrx_word' id='word_1_256' title='bbox 416 3295 466 3349; x_wconf 87' lang='lat' dir='ltr'>das</span> <span class='ocrx_word' id='word_1_257' title='bbox 480 3296 655 3350; x_wconf 90' lang='lat' dir='ltr'>Mausoleum</span> <span class='ocrx_word' id='word_1_258' title='bbox 665 3297 713 3352; x_wconf 90' lang='lat' dir='ltr'>des</span> <span class='ocrx_word' id='word_1_259' title='bbox 766 3298 870 3350; x_wconf 83' lang='lat' dir='ltr'>surium</span> <span class='ocrx_word' id='word_1_260' title='bbox 893 3298 993 3365; x_wconf 72' lang='lat' dir='ltr'>funus)</span> <span class='ocrx_word' id='word_1_261' title='bbox 1016 3297 1149 3351; x_wconf 73' lang='lat' dir='ltr'>hominen</span> <span class='ocrx_word' id='word_1_262' title='bbox 1172 3297 1212 3350; x_wconf 87' lang='lat' dir='ltr'>sol</span> 
     </span>
     <span class='ocr_line' id='line_1_36' title="bbox 154 3362 1201 3437; baseline 0.007 -22"><span class='ocrx_word' id='word_1_263' title='bbox 154 3362 299 3432; x_wconf 86' lang='lat' dir='ltr'>Augustus</span> <span class='ocrx_word' id='word_1_264' title='bbox 328 3364 379 3416; x_wconf 91' lang='lat' dir='ltr'>auf</span> <span class='ocrx_word' id='word_1_265' title='bbox 404 3366 467 3419; x_wconf 91' lang='lat' dir='ltr'>dem</span> <span class='ocrx_word' id='word_1_266' title='bbox 495 3367 653 3421; x_wconf 87' lang='lat' dir='ltr'>Marsfelde.</span> <span class='ocrx_word' id='word_1_267' title='bbox 679 3399 712 3407; x_wconf 86' lang='lat'><em>—</em></span> <span class='ocrx_word' id='word_1_268' title='bbox 768 3367 829 3420; x_wconf 92' lang='lat' dir='ltr'>Zeit</span> <span class='ocrx_word' id='word_1_269' title='bbox 843 3367 892 3421; x_wconf 89' lang='lat' dir='ltr'>der</span> <span class='ocrx_word' id='word_1_270' title='bbox 905 3367 1048 3437; x_wconf 80' lang='lat' dir='ltr'>Republik</span> <span class='ocrx_word' id='word_1_271' title='bbox 1061 3383 1120 3421; x_wconf 76' lang='lat' dir='ltr'>ror.</span> <span class='ocrx_word' id='word_1_272' title='bbox 1157 3368 1201 3422; x_wconf 82' lang='lat' dir='ltr'>Da</span> 
     </span>
     <span class='ocr_line' id='line_1_37' title="bbox 155 3434 1212 3506; baseline 0.006 -20"><span class='ocrx_word' id='word_1_273' title='bbox 155 3434 212 3487; x_wconf 83' lang='lat' dir='ltr'>dics</span> <span class='ocrx_word' id='word_1_274' title='bbox 228 3450 279 3501; x_wconf 82' lang='lat' dir='ltr'>pei·</span> <span class='ocrx_word' id='word_1_275' title='bbox 296 3434 435 3489; x_wconf 85' lang='lat' dir='ltr'>silentium</span> <span class='ocrx_word' id='word_1_276' title='bbox 448 3441 551 3503; x_wconf 65' lang='lat' dir='ltr'>unius,</span> <span class='ocrx_word' id='word_1_277' title='bbox 570 3438 632 3491; x_wconf 90' lang='lat' dir='ltr'>eine</span> <span class='ocrx_word' id='word_1_278' title='bbox 647 3455 713 3506; x_wconf 91' lang='lat' dir='ltr'>pce·</span> <span class='ocrx_word' id='word_1_279' title='bbox 767 3440 897 3506; x_wconf 85' lang='lat' dir='ltr'>stattung</span> <span class='ocrx_word' id='word_1_280' title='bbox 921 3437 1025 3493; x_wconf 85' lang='lat' dir='ltr'>bereits</span> <span class='ocrx_word' id='word_1_281' title='bbox 1048 3437 1079 3491; x_wconf 92' lang='lat' dir='ltr'>in</span> <span class='ocrx_word' id='word_1_282' title='bbox 1096 3438 1212 3494; x_wconf 84' lang='lat' dir='ltr'>Anticcl</span> 
     </span>
     <span class='ocr_line' id='line_1_38' title="bbox 154 3503 1212 3578; baseline 0.006 -21"><span class='ocrx_word' id='word_1_283' title='bbox 154 3503 244 3558; x_wconf 90' lang='lat' dir='ltr'>tische</span> <span class='ocrx_word' id='word_1_284' title='bbox 267 3505 424 3574; x_wconf 87' lang='lat' dir='ltr'>Wendung.</span> <span class='ocrx_word' id='word_1_285' title='bbox 462 3507 546 3562; x_wconf 87' lang='lat' dir='ltr'>Sonst</span> <span class='ocrx_word' id='word_1_286' title='bbox 568 3508 659 3563; x_wconf 90' lang='lat' dir='ltr'>heisst</span> <span class='ocrx_word' id='word_1_287' title='bbox 684 3528 713 3564; x_wconf 87' lang='lat' dir='ltr'>ss</span> <span class='ocrx_word' id='word_1_288' title='bbox 767 3508 852 3562; x_wconf 88' lang='lat' dir='ltr'>allem</span> <span class='ocrx_word' id='word_1_289' title='bbox 879 3509 968 3578; x_wconf 91' lang='lat' dir='ltr'>Pomp</span> <span class='ocrx_word' id='word_1_290' title='bbox 1000 3508 1161 3577; x_wconf 87' lang='lat' dir='ltr'>geschehen</span> <span class='ocrx_word' id='word_1_291' title='bbox 1191 3528 1212 3563; x_wconf 83' lang='lat' dir='ltr'><strong>w</strong></span> 
     </span>
     <span class='ocr_line' id='line_1_39' title="bbox 153 3577 1188 3650; baseline 0.006 -22"><span class='ocrx_word' id='word_1_292' title='bbox 153 3581 260 3630; x_wconf 84' lang='lat' dir='ltr'>uastum</span> <span class='ocrx_word' id='word_1_293' title='bbox 279 3577 418 3630; x_wconf 83' lang='lat' dir='ltr'>silentium</span> <span class='ocrx_word' id='word_1_294' title='bbox 437 3583 461 3642; x_wconf 88' lang='lat'>4,</span> <span class='ocrx_word' id='word_1_295' title='bbox 481 3583 523 3631; x_wconf 82' lang='lat'>50.</span> <span class='ocrx_word' id='word_1_296' title='bbox 543 3579 608 3634; x_wconf 90' lang='lat' dir='ltr'>hist.</span> <span class='ocrx_word' id='word_1_297' title='bbox 628 3586 712 3646; x_wconf 86' lang='lat'>3,13.</span> <span class='ocrx_word' id='word_1_298' title='bbox 766 3578 872 3633; x_wconf 85' lang='lat' dir='ltr'>konnte</span> <span class='ocrx_word' id='word_1_299' title='bbox 895 3580 940 3633; x_wconf 91' lang='lat' dir='ltr'>die</span> <span class='ocrx_word' id='word_1_300' title='bbox 964 3579 1188 3650; x_wconf 86' lang='lat' dir='ltr'>Wiederholung</span> 
     </span>
     <span class='ocr_line' id='line_1_40' title="bbox 154 3645 1076 3718; baseline 0.005 -19"><span class='ocrx_word' id='word_1_301' title='bbox 154 3645 252 3700; x_wconf 89' lang='lat' dir='ltr'>Besser</span> <span class='ocrx_word' id='word_1_302' title='bbox 275 3647 321 3701; x_wconf 90' lang='lat' dir='ltr'>bei</span> <span class='ocrx_word' id='word_1_303' title='bbox 344 3646 419 3701; x_wconf 82' lang='lat' dir='ltr'>Cart.</span> <span class='ocrx_word' id='word_1_304' title='bbox 442 3655 487 3716; x_wconf 87' lang='lat'>10,</span> <span class='ocrx_word' id='word_1_305' title='bbox 508 3655 533 3716; x_wconf 80' lang='lat' dir='ltr'>t,</span> <span class='ocrx_word' id='word_1_306' title='bbox 554 3656 568 3703; x_wconf 79' lang='lat'>7</span> <span class='ocrx_word' id='word_1_307' title='bbox 591 3651 664 3704; x_wconf 85' lang='lat' dir='ltr'>uelut</span> <span class='ocrx_word' id='word_1_308' title='bbox 681 3653 713 3704; x_wconf 88' lang='lat' dir='ltr'>in</span> <span class='ocrx_word' id='word_1_309' title='bbox 765 3650 886 3718; x_wconf 88' lang='lat' dir='ltr'>passend</span> <span class='ocrx_word' id='word_1_310' title='bbox 904 3649 1076 3704; x_wconf 87' lang='lat' dir='ltr'>erscheinen.</span> 
     </span>
     <span class='ocr_line' id='line_1_41' title="bbox 153 3719 1212 3794; baseline 0.008 -25"><span class='ocrx_word' id='word_1_311' title='bbox 153 3722 233 3771; x_wconf 85' lang='lat' dir='ltr'>uasta</span> <span class='ocrx_word' id='word_1_312' title='bbox 251 3719 399 3773; x_wconf 75' lang='lat' dir='ltr'>solitudine</span> <span class='ocrx_word' id='word_1_313' title='bbox 422 3721 515 3774; x_wconf 74' lang='lat' dir='ltr'>onznia</span> <span class='ocrx_word' id='word_1_314' title='bbox 533 3722 608 3775; x_wconf 85' lang='lat' dir='ltr'>tristi</span> <span class='ocrx_word' id='word_1_315' title='bbox 631 3722 712 3775; x_wconf 79' lang='lat' dir='ltr'>silen-</span> <span class='ocrx_word' id='word_1_316' title='bbox 803 3744 827 3792; x_wconf 54' lang='lat'>2,</span> <span class='ocrx_word' id='word_1_317' title='bbox 846 3739 967 3792; x_wconf 59' lang='lat' dir='ltr'>hom,</span> <span class='ocrx_word' id='word_1_318' title='bbox 985 3740 1043 3794; x_wconf 47' lang='grc' dir='ltr'>ως</span> <span class='ocrx_word' id='word_1_319' title='bbox 1059 3737 1091 3792; x_wconf 68' lang='lat' dir='ltr'>in</span> <span class='ocrx_word' id='word_1_320' title='bbox 1109 3738 1166 3793; x_wconf 69' lang='lat'>(101,</span> <span class='ocrx_word' id='word_1_321' title='bbox 1182 3740 1212 3792; x_wconf 72' lang='lat' dir='ltr'>A,</span> 
     </span>
    </p>
   </div>
   <div class='ocr_carea' id='block_1_6' title="bbox 153 3787 1200 3966">
    <p class='ocr_par' dir='ltr' id='par_1_13' title="bbox 153 3787 1200 3966">
     <span class='ocr_line' id='line_1_42' title="bbox 153 3787 1042 3864; baseline 0.027 -26"><span class='ocrx_word' id='word_1_322' title='bbox 153 3787 192 3839; x_wconf 91' lang='lat' dir='ltr'>tio</span> <span class='ocrx_word' id='word_1_323' title='bbox 209 3794 287 3841; x_wconf 87' lang='lat' dir='ltr'>muta</span> <span class='ocrx_word' id='word_1_324' title='bbox 305 3792 456 3857; x_wconf 85' lang='lat' dir='ltr'>torpebant.</span> <span class='ocrx_word' id='word_1_325' title='bbox 767 3811 846 3862; x_wconf 73' lang='lat' dir='ltr'>sonat</span> <span class='ocrx_word' id='word_1_326' title='bbox 864 3807 1042 3864; x_wconf 88' lang='lat' dir='ltr'>dichterisch.</span> 
     </span>
     <span class='ocr_line' id='line_1_43' title="bbox 190 3875 1200 3966; baseline 0.02 -40"><span class='ocrx_word' id='word_1_327' title='bbox 190 3881 214 3927; x_wconf 81' lang='lat'>2.</span> <span class='ocrx_word' id='word_1_328' title='bbox 251 3875 343 3930; x_wconf 90' lang='lat' dir='ltr'>Ueber</span> <span class='ocrx_word' id='word_1_329' title='bbox 370 3878 420 3931; x_wconf 91' lang='lat' dir='ltr'>das</span> <span class='ocrx_word' id='word_1_330' title='bbox 447 3879 642 3934; x_wconf 87' lang='lat' dir='ltr'>unklassische</span> <span class='ocrx_word' id='word_1_331' title='bbox 670 3880 711 3933; x_wconf 91' lang='lat' dir='ltr'>in·</span> <span class='ocrx_word' id='word_1_332' title='bbox 801 3903 827 3950; x_wconf 67' lang='lat'>3,</span> <span class='ocrx_word' id='word_1_333' title='bbox 862 3896 999 3966; x_wconf 57' lang='lat' dir='ltr'>Ticinum,</span> <span class='ocrx_word' id='word_1_334' title='bbox 1014 3896 1087 3966; x_wconf 55' lang='lat' dir='ltr'>jetur</span> <span class='ocrx_word' id='word_1_335' title='bbox 1104 3897 1200 3963; x_wconf 64' lang='lat' dir='ltr'>Paria,</span> 
     </span>
    </p>
   </div>
   <div class='ocr_carea' id='block_1_7' title="bbox 153 3946 1212 4036">
    <p class='ocr_par' dir='ltr' id='par_1_14' title="bbox 153 3946 1212 4036">
     <span class='ocr_line' id='line_1_44' title="bbox 153 3946 1212 4036; baseline 0.01 -23"><span class='ocrx_word' id='word_1_336' title='bbox 153 3946 229 4013; x_wconf 57' lang='lat' dir='ltr'>iulet</span> <span class='ocrx_word' id='word_1_337' title='bbox 248 3964 268 3998; x_wconf 78' lang='lat'>⁸·</span> <span class='ocrx_word' id='word_1_338' title='bbox 287 3964 321 3999; x_wconf 65' lang='grc' dir='ltr'>ΖΠ</span> <span class='ocrx_word' id='word_1_339' title='bbox 341 3954 364 4015; x_wconf 74' lang='lat' dir='ltr'>l,</span> <span class='ocrx_word' id='word_1_340' title='bbox 384 3954 427 4002; x_wconf 77' lang='grc'>65·</span> <span class='ocrx_word' id='word_1_341' title='bbox 765 3966 912 4036; x_wconf 81' lang='lat' dir='ltr'>Miindung</span> <span class='ocrx_word' id='word_1_342' title='bbox 930 3967 978 4022; x_wconf 90' lang='lat' dir='ltr'>des</span> <span class='ocrx_word' id='word_1_343' title='bbox 998 3968 1111 4023; x_wconf 83' lang='lat' dir='ltr'>Ticinus</span> <span class='ocrx_word' id='word_1_344' title='bbox 1129 3967 1159 4023; x_wconf 90' lang='lat' dir='ltr'>in</span> <span class='ocrx_word' id='word_1_345' title='bbox 1178 3969 1212 4024; x_wconf 91' lang='lat' dir='ltr'>de</span> 
     </span>
    </p>
   </div>
   <div class='ocr_carea' id='block_1_8' title="bbox 150 4036 1212 4406">
    <p class='ocr_par' dir='ltr' id='par_1_15' title="bbox 150 4036 1212 4264">
     <span class='ocr_line' id='line_1_45' title="bbox 189 4036 1212 4111; baseline 0.017 -26"><span class='ocrx_word' id='word_1_346' title='bbox 189 4039 213 4086; x_wconf 82' lang='lat'>³.</span> <span class='ocrx_word' id='word_1_347' title='bbox 240 4050 301 4086; x_wconf 86' lang='lat' dir='ltr'>cum</span> <span class='ocrx_word' id='word_1_348' title='bbox 319 4037 411 4089; x_wconf 80' lang='lat' dir='ltr'>arinis.</span> <span class='ocrx_word' id='word_1_349' title='bbox 442 4037 525 4091; x_wconf 77' lang='lat' dir='ltr'>Sonat</span> <span class='ocrx_word' id='word_1_350' title='bbox 542 4036 647 4105; x_wconf 84' lang='lat' dir='ltr'>gingen</span> <span class='ocrx_word' id='word_1_351' title='bbox 665 4036 710 4089; x_wconf 88' lang='lat' dir='ltr'>die</span> <span class='ocrx_word' id='word_1_352' title='bbox 802 4061 826 4108; x_wconf 61' lang='lat' dir='ltr'>q,¹</span> <span class='ocrx_word' id='word_1_353' title='bbox 856 4053 1038 4110; x_wconf 50' lang='lat' dir='ltr'>(plaudam</span> <span class='ocrx_word' id='word_1_354' title='bbox 1077 4055 1144 4110; x_wconf 64' lang='lat' dir='ltr'>weil</span> <span class='ocrx_word' id='word_1_355' title='bbox 1167 4056 1212 4111; x_wconf 72' lang='lat'>(101</span> 
     </span>
     <span class='ocr_line' id='line_1_46' title="bbox 154 4095 1210 4183; baseline 0.015 -27"><span class='ocrx_word' id='word_1_356' title='bbox 154 4102 290 4158; x_wconf 83' lang='lat' dir='ltr'>Soldaten</span> <span class='ocrx_word' id='word_1_357' title='bbox 303 4104 334 4157; x_wconf 90' lang='lat' dir='ltr'>in</span> <span class='ocrx_word' id='word_1_358' title='bbox 347 4105 397 4159; x_wconf 90' lang='lat' dir='ltr'>der</span> <span class='ocrx_word' id='word_1_359' title='bbox 413 4105 494 4161; x_wconf 85' lang='lat' dir='ltr'>Stadt</span> <span class='ocrx_word' id='word_1_360' title='bbox 507 4108 579 4161; x_wconf 91' lang='lat' dir='ltr'>ohne</span> <span class='ocrx_word' id='word_1_361' title='bbox 589 4106 711 4162; x_wconf 87' lang='lat' dir='ltr'>Waffen·</span> <span class='ocrx_word' id='word_1_362' title='bbox 766 4126 815 4179; x_wconf 67' lang='lat' dir='ltr'>de,</span> <span class='ocrx_word' id='word_1_363' title='bbox 839 4128 949 4181; x_wconf 62' lang='lat' dir='ltr'>altere„</span> <span class='ocrx_word' id='word_1_364' title='bbox 965 4095 1071 4180; x_wconf 49' lang='lat' dir='ltr'>Drusis</span> <span class='ocrx_word' id='word_1_365' title='bbox 1094 4125 1210 4183; x_wconf 69' lang='lat' dir='ltr'>Tiberin</span> 
     </span>
     <span class='ocr_line' id='line_1_47' title="bbox 150 4177 1195 4264; baseline 0.03 -39"><span class='ocrx_word' id='word_1_366' title='bbox 150 4177 277 4243; x_wconf 81' lang='lat' dir='ltr'>rtistung.</span> <span class='ocrx_word' id='word_1_367' title='bbox 766 4196 828 4250; x_wconf 90' lang='lat' dir='ltr'>dius</span> <span class='ocrx_word' id='word_1_368' title='bbox 847 4197 921 4251; x_wconf 88' lang='lat' dir='ltr'>Nero</span> <span class='ocrx_word' id='word_1_369' title='bbox 939 4213 1010 4262; x_wconf 63' lang='lat' dir='ltr'>wan</span> <span class='ocrx_word' id='word_1_370' title='bbox 1037 4197 1195 4264; x_wconf 73' lang='lat' dir='ltr'>Iuliorum,</span> 
     </span>
    </p>

    <p class='ocr_par' dir='ltr' id='par_1_16' title="bbox 153 4264 1212 4406">
     <span class='ocr_line' id='line_1_48' title="bbox 189 4264 1211 4350; baseline 0.01 -37"><span class='ocrx_word' id='word_1_371' title='bbox 189 4269 213 4344; x_wconf 67' lang='lat' dir='ltr'>s.</span> <span class='ocrx_word' id='word_1_372' title='bbox 251 4264 428 4345; x_wconf 73' lang='lat' dir='ltr'>antiquitatis</span> <span class='ocrx_word' id='word_1_373' title='bbox 447 4265 515 4347; x_wconf 78' lang='lat' dir='ltr'>„der</span> <span class='ocrx_word' id='word_1_374' title='bbox 528 4268 616 4335; x_wconf 84' lang='lat' dir='ltr'>guten</span> <span class='ocrx_word' id='word_1_375' title='bbox 635 4266 711 4348; x_wconf 79' lang='lat' dir='ltr'>alten</span> <span class='ocrx_word' id='word_1_376' title='bbox 766 4266 882 4320; x_wconf 86' lang='lat' dir='ltr'>sondere</span> <span class='ocrx_word' id='word_1_377' title='bbox 923 4266 1151 4350; x_wconf 81' lang='lat' dir='ltr'>Ausaeiclrnung,</span> <span class='ocrx_word' id='word_1_378' title='bbox 1195 4285 1211 4323; x_wconf 92' lang='lat' dir='ltr'>c</span> 
     </span>
     <span class='ocr_line' id='line_1_49' title="bbox 153 4334 1212 4406; baseline 0.008 -20"><span class='ocrx_word' id='word_1_379' title='bbox 153 4334 214 4388; x_wconf 81' lang='lat' dir='ltr'>Zeit</span> <span class='ocrx_word' id='word_1_380' title='bbox 246 4335 303 4387; x_wconf 89' lang='lat' dir='ltr'>und</span> <span class='ocrx_word' id='word_1_381' title='bbox 337 4335 434 4390; x_wconf 60' lang='lat' dir='ltr'>sareu</span> <span class='ocrx_word' id='word_1_382' title='bbox 477 4335 532 4390; x_wconf 80' lang='lat' dir='ltr'>Orc.</span> <span class='ocrx_word' id='word_1_383' title='bbox 561 4354 588 4406; x_wconf 90' lang='lat' dir='ltr'>p.</span> <span class='ocrx_word' id='word_1_384' title='bbox 616 4336 711 4391; x_wconf 87' lang='lat' dir='ltr'>Rabrr.</span> <span class='ocrx_word' id='word_1_385' title='bbox 765 4338 910 4400; x_wconf 76' lang='lat' dir='ltr'>Augustus</span> <span class='ocrx_word' id='word_1_386' title='bbox 932 4356 986 4392; x_wconf 90' lang='lat' dir='ltr'>nur</span> <span class='ocrx_word' id='word_1_387' title='bbox 1008 4354 1068 4393; x_wconf 87' lang='lat' dir='ltr'>sem</span> <span class='ocrx_word' id='word_1_388' title='bbox 1086 4337 1212 4394; x_wconf 70' lang='lat' dir='ltr'>Sbefvat</span> 
     </span>
    </p>
   </div>
   <div class='ocr_carea' id='block_1_9' title="bbox 0 0 1366 4762">
    <p class='ocr_par' dir='ltr' id='par_1_17' title="bbox 0 0 1366 4762">
     <span class='ocr_line' id='line_1_50' title="bbox 0 0 1366 4762; baseline 0 0"><span class='ocrx_word' id='word_1_389' title='bbox 0 0 1366 4762; x_wconf 95' lang='lat' dir='ltr'> </span> 
     </span>
    </p>
   </div>
  </div>
 </body>
</html>
