2722 4762
323 248 433 303 11111111
450 248 524 304 11111.
548 248 626 304 cAP.
646 255 760 304 re-sr.
1097 240 1142 307 95

98 421 159 463 rum
186 420 284 484 quam
310 402 347 462 ut
369 400 578 463 centesimum
609 401 694 463 ultra
715 399 855 483 lapidem
877 400 912 463 in
935 420 1025 465 oram
1049 399 1142 467 Cam-

109 487 261 551 hbertum
283 487 426 573 releget?
479 491 600 552 ceteras
625 488 767 553 actiones
790 488 968 572 promiscas
993 493 1026 553 st
1047 511 1141 574 pares

98 575 301 640 tribuendum
334 576 465 661 aliquod
496 578 598 641 telum
630 576 716 661 quod
748 577 855 660 sperni
882 581 1029 662 nequeat.
1082 600 1142 643 nec

98 687 194 729 manu
221 665 328 730 missis
355 687 413 748 per
439 665 524 729 idem
552 665 738 750 obsequium
769 665 928 730 retinendi
950 667 1142 749 libertatem,

98 753 145 817 rod
177 753 319 818 adsecuti
352 755 431 818 sint:
464 758 499 818 at
531 754 702 819 criminum
734 754 924 819 manifestos
953 756 1068 819 merito
1101 757 1142 820 ad
1161 775 1196 824 15

98 847 159 906 tem
194 842 329 926 retrahi,
361 846 398 906 ut
430 846 517 906 metu
549 846 756 907 coerceantur
783 865 864 927 quos
891 843 1048 908 beneficia
1074 866 1142 909 non

98 935 195 995 ssent.

98 1020 285 1084 [aserebatur
299 1023 424 1084 contra:
448 1042 623 1102 paucorum
637 1020 765 1103 culpam
788 1020 868 1103 ipsis
884 1019 1052 1085 exitiosam
1070 1042 1141 1085 esse
1151 1020 1193 1084 27

121 1108 204 1172 nihil
227 1109 449 1172 universorum
471 1109 534 1173 iuri
553 1107 785 1193 derogandum3
809 1109 925 1193 quippe
948 1108 1012 1172 late
1034 1109 1143 1174 fusum

98 1220 151 1261 rus.
197 1196 272 1261 hinc
299 1198 486 1281 plerumque
512 1198 629 1280 tribus,
657 1197 815 1279 decurias,
839 1196 1019 1261 ministeria
1041 1199 1142 1283 magi·

98 1308 127 1349 rs
151 1290 184 1349 et
207 1286 439 1368 sacerdotibus,
467 1286 615 1350 cohortes
644 1286 742 1349 etiam
771 1286 806 1348 in
828 1286 908 1350 urbe
931 1286 1143 1373 conscriptas3

98 1375 173 1438 imis
197 1374 353 1458 equitum,
382 1374 542 1458 plerisque
573 1375 775 1439 senatoribus
804 1396 871 1438 non
894 1374 1022 1439 aliunde
1046 1376 1177 1460 origi-5

100 1463 162 1526 ahi.
200 1464 227 1527 si
246 1467 471 1545 separarentur
488 1463 643 1546 libertini,
666 1463 872 1527 manifestam
891 1463 960 1528 fore
974 1464 1143 1547 penuriam

98 1574 195 1616 orum.
246 1573 313 1615 non
340 1551 461 1615 frustra
483 1553 633 1635 maiorer,
665 1574 738 1616 cum
770 1551 962 1636 dignitatem
994 1552 1143 1617 ordinum
1206 1588 1209 1594 ·

98 1645 164 1722 ent,
195 1641 377 1704 libertatem
408 1640 442 1703 in
472 1642 635 1705 communi
664 1641 819 1724 posuisse.
874 1642 952 1725 quin
982 1644 1016 1704 et
1044 1664 1143 1705 manu

98 1730 121 1793 li
145 1729 224 1792 duas
248 1729 369 1812 speeies
393 1729 573 1813 institutas,
601 1733 638 1793 ut
664 1729 897 1813 relinqueretur
924 1730 1142 1813 paenitentiae

98 1839 135 1881 vo
159 1817 313 1882 beneficio
338 1818 435 1882 locus.
485 1840 565 1902 quos
595 1818 737 1882 vindicta
759 1822 915 1900 patronus
937 1840 1006 1882 non
1027 1818 1141 1882 libera·
1162 1836 1196 1886 10

101 1907 191 1971 velut
220 1907 325 1970 vinclo
354 1907 518 1971 servitutis
543 1907 682 1971 attineri.
728 1906 898 1990 dispiceret
920 1906 1054 1991 quisque
1077 1928 1141 1970 me-

98 1995 220 2079 rdeque
252 1995 441 2059 concederet
468 1995 552 2080 quod
580 1996 691 2059 datum
718 2017 785 2059 non
813 1995 1013 2059 adimeretur.
1063 1995 1142 2059 haee

98 2085 135 2147 ia
157 2083 271 2166 valuit,
295 2084 484 2169 scripsitque
508 2082 628 2149 Caesar
651 2085 791 2166 senatui,
814 2084 964 2167 privatim
988 2085 1141 2168 expende-

98 2195 199 2237 rusam
222 2172 423 2256 libertorum,
456 2174 605 2257 quotiens
634 2195 654 2236 a
680 2173 825 2256 patronis
853 2176 1076 2257 arguerentur:
1108 2174 1143 2236 in

98 2284 142 2325 ne
169 2261 250 2325 nihil
281 2261 481 2346 derogarent.
531 2284 590 2326 nec
621 2262 723 2325 multo
755 2264 832 2345 post
866 2266 992 2345 ereptus
1025 2262 1142 2327 amitae
1161 2280 1195 2330 15

98 2523 244 2592 ampanien
276 2541 334 2578 war
358 2526 443 2578 etwas
467 2524 533 2578 wei·
623 2532 648 2578 4.
662 2524 715 2578 Die
735 2524 830 2579 sieben
850 2524 990 2579 Cohortcn
1008 2525 1057 2578 der
1074 2526 1143 2594 elpi-

100 2602 134 2648 00
149 2595 269 2657 Msshen,
289 2594 381 2648 durfte
396 2594 454 2649 also
469 2613 533 2648 aum
587 2597 624 2649 les
655 2594 782 2650 bildeten
814 2595 859 2650 die
892 2596 1081 2649 Brandwache
1114 2596 1143 2649 in

99 2667 141 2719 alt
163 2667 289 2735 gewahlt
311 2667 430 2720 werden.
474 2666 531 2720 Das
587 2668 666 2720 Rom.

98 2756 118 2789 rr
136 2736 218 2790 hcine
237 2737 336 2791 Strafe.
622 2745 646 2791 8.
666 2739 816 2791 libertatern
829 2738 861 2790 iu
871 2739 1006 2791 ccrrrruuar'
1016 2738 1065 2791 ctt.
1076 2739 1101 2791 d.
1114 2739 1141 2790 h.

98 2804 223 2861 rorm'scus'
240 2814 264 2861 ct
278 2825 374 2876 pares,
399 2809 425 2860 d.
445 2809 472 2860 h.
491 2808 531 2861 im
586 2808 637 2862 auf
652 2808 697 2861 die
715 2808 891 2877 hr'irgerliche
905 2808 1029 2861 Frcihcit
1042 2809 1142 2862 hatten

98 2898 114 2931 n
139 2880 256 2932 standon
280 2879 325 2932 dic
348 2879 531 2948 Freigelassc·
586 2880 631 2932 die
642 2879 954 2933 Standesunterschicde
974 2878 1023 2932 der
1036 2878 1142 2947 Biirger

108 2950 162 3003 den
176 2951 306 3004 frfiheren
320 2950 427 3003 Horren
441 2951 531 3003 recht·
585 2950 686 3004 heineu
705 2950 831 3003 Einfluss.

98 3021 256 3089 'gleichem
275 3022 366 3074 Fusse.
622 3028 647 3074 9.
666 3023 737 3074 duas
754 3022 866 3089 specim,
894 3020 1017 3074 nttmlich
1046 3023 1071 3088 1)
1096 3021 1141 3074 die

98 3093 216 3145 tine-udi.
237 3092 327 3146 Ueber
342 3092 437 3145 diesen
452 3092 531 3160 ellip-
586 3095 661 3146 iustu
697 3093 874 3145 rnurruruc'ssic
916 3092 1057 3145 entweder
1088 3109 1141 3159 per·

119 3163 249 3229 Genetiv,
287 3164 341 3216 den
373 3163 438 3216 Tac.
476 3165 532 3215 erst
585 3181 692 3218 censura
716 3162 883 3227 (Authahmc
906 3163 936 3216 in
960 3163 1005 3217 die
1024 3164 1141 3232 Bfirgcr·

98 3235 223 3288 Annalem
242 3235 403 3300 anwendet,
423 3253 443 3287 s.
460 3234 531 3286 llinl.
584 3235 648 3288 liste
660 3234 708 3288 des
719 3234 845 3302 Consors)
856 3234 922 3289 oder
933 3252 983 3302 per
993 3236 1143 3287 uirulictuur

586 3305 739 3371 (feierliche
754 3305 977 3374 Freisprechung
987 3306 1074 3358 durch
1089 3306 1143 3359 den

98 3383 121 3429 3.
186 3392 283 3443 corpus
321 3375 531 3443 „Volksklasse
586 3377 701 3444 Consul,
739 3377 838 3429 Prator
870 3377 937 3430 oder
965 3376 1143 3443 Statthalter)

127 3446 156 3498 in
184 3447 233 3499 der
257 3447 343 3501 Prosu
371 3450 462 3500 zuerst
485 3447 531 3500 bei
586 3448 652 3502 oder
669 3464 718 3515 per·
736 3453 928 3501 testamentum.
958 3448 1033 3514 Alle,
1053 3447 1097 3500 die
1112 3463 1142 3500 so

101 3519 180 3570 isui
199 3520 319 3585 corporis
338 3520 426 3571 creari
444 3535 531 3586 rupem
584 3519 767 3588 frcigelassen
795 3536 898 3585 waren,
932 3517 1065 3573 crhiclten
1095 3518 1142 3570 du-

103 3631 110 3655 ,
144 3589 217 3641 darm
250 3589 329 3642 oster.
364 3621 395 3627 —
433 3591 530 3657 tribue,
586 3590 672 3643 durch
708 3591 757 3643 das
788 3589 980 3657 Biirgerrccht.
1034 3591 1059 3657 2)
1089 3587 1141 3641 llie

107 3660 153 3712 die
165 3660 223 3713 rior
234 3660 413 3721 stt'adtischeu⁹
426 3661 531 3713 ivelche
585 3661 806 3729 Freisprechung
813 3677 863 3726 per·
872 3660 1012 3727 epistolam
1022 3659 1143 3727 (schrift-

98 3747 190 3800 gerem
201 3732 329 3784 Ansehen
343 3732 460 3784 standon
474 3731 531 3783 und
585 3732 642 3785 lich
662 3732 713 3785 mit
723 3730 911 3784 Unterschrift
924 3747 978 3783 von
992 3731 1141 3799 5Zeugen)

98 3803 153 3855 heu
172 3801 217 3855 die
231 3802 368 3855 Libertini
387 3803 531 3870 gehdrten.
587 3804 654 3857 oder
672 3805 743 3855 tata·
758 3803 858 3854 amicos
877 3800 1030 3867 (miindlich
1045 3801 1075 3853 in
1090 3801 1142 3855 Ge-

98 3892 116 3925 er
134 3874 261 3926 decuriae
285 3874 347 3926 sind
366 3874 411 3926 die
431 3874 460 3925 in
479 3873 532 3926 De·
586 3877 713 3943 genwart
731 3889 785 3925 von
805 3880 819 3925 5
840 3873 961 3941 Zeugcn)
987 3872 1054 3925 oder
1077 3874 1143 3926 end-

98 3944 282 4013 ingetheilton
295 3946 408 4009 lictores,
419 3945 532 4009 scribae,
586 3946 643 3998 lieh
650 3963 700 4013 per
710 3945 871 4003 corre-iciam,
890 3960 972 3996 wenn
984 3944 1033 3997 der
1044 3944 1143 3998 Sclave

98 4032 118 4068 as
136 4015 194 4067 rmd
205 4017 323 4068 viatores
333 4034 366 4067 zu
377 4016 531 4069 verstehen.
587 4033 651 4069 vom
665 4016 754 4069 Herm
773 4032 805 4066 zu
825 4014 915 4068 ciuem
930 4015 1079 4069 besonders
1094 4016 1142 4069 ‹la-

103 4086 206 4140 Diener
230 4086 278 4139 der
300 4086 449 4153 Beamten,
472 4086 533 4139 hier
587 4106 619 4140 zu
642 4086 862 4140 veranstaltetcn
881 4085 1043 4140 Gastmahle
1062 4105 1141 4154 auge-

98 4159 234 4211 rinr'stcru'u
247 4158 420 4222 bezeichnet‚
440 4175 532 4211 waren
587 4175 673 4226 zogen
691 4157 776 4210 ward.
813 4157 877 4211 Alle
896 4175 926 4210 so
941 4157 1082 4211 Bcfreiten
1100 4175 1141 4208 er-

98 4228 257 4283 ‚Decurien
276 4229 449 4298 eingetheilt‚
468 4249 489 4281 a.
500 4229 531 4282 B.
587 4228 781 4282 hieltennicht
792 4227 1141 4297 duthirgerrecht,konn-

98 4302 150 4353 rusi
175 4300 224 4353 der
243 4299 363 4353 Consuln
387 4300 443 4352 und
467 4301 532 4352 Pru-
586 4303 635 4353 ten
653 4299 719 4354 hein
738 4300 901 4354 Testament
924 4299 1061 4353 orrichten
1084 4297 1140 4349 und

586 4370 668 4423 leina
687 4371 837 4424 Erlrselraft
855 4373 989 4423 autentos.
