2722 4762
360 170 470 224 LIBER
487 170 522 226 11.
559 169 636 224 CAP.
655 176 770 224 23-25.
1093 171 1156 236 109

97 337 131 397 at
155 333 338 416 Germania,
360 336 489 397 tantum
512 333 569 397 illa
588 333 694 398 clades
717 334 863 399 novitate
882 337 915 398 et
933 334 1156 419 magnitudine

98 423 130 505 it,
152 423 326 487 hostilibus
350 422 469 486 circum
492 423 640 486 litoribus
664 426 720 486 aut
743 424 789 487 ita
811 427 906 487 vasto
931 426 963 486 et
984 423 1157 508 profundo,

98 512 206 575 edatur
235 512 449 576 novissimum
480 533 517 574 ac
555 513 623 575 sine
654 513 749 576 terris
782 533 880 576 mare.
921 533 995 595 pars
1025 513 1157 576 navium

98 622 119 664 e
144 604 228 678 sunt,
253 602 361 683 plures
386 600 471 683 apud
493 600 618 663 insulas
637 600 767 684 longius
787 601 866 665 sitas
891 601 1023 684 eiectae,
1049 602 1190 665 miles-5

98 690 157 753 illo
180 689 248 753 illic
270 689 437 752 hominum
456 689 544 752 cultu
567 689 652 752 fame
676 689 875 772 absumptus,
897 690 961 753 nisi
989 711 1069 774 quos
1088 711 1156 755 cor-

107 800 263 862 equorum
310 778 422 841 eodem
463 778 542 841 elisa
581 779 808 842 toleraverant.
863 778 933 842 sola
975 777 1157 843 Germanici

97 868 126 930 is
157 865 360 932 Chaucorum
397 870 517 930 terram
551 867 690 950 adpulit3
721 889 816 950 quem
848 889 905 950 per
938 889 1048 931 omnes
1080 868 1155 932 illos

98 960 254 1038 ,octesque
287 954 373 1039 apud
406 956 556 1038 scopulos
589 960 621 1019 et
653 955 865 1038 prominentis
884 968 985 1039 oras,
1017 978 1090 1020 cum
1123 978 1156 1020 se

98 1045 186 1108 exitii
209 1067 300 1108 reum
332 1044 528 1122 clamitaret,
563 1046 616 1108 vix
648 1044 819 1110 cohibuere
842 1045 937 1108 amici
963 1066 1025 1127 quo
1049 1045 1200 1109 minus10

98 1190 99 1195 ,
123 1135 205 1197 mari
234 1136 407 1217 oppeteret.
435 1133 565 1197 tandem
595 1133 759 1197 relabente
787 1137 879 1197 aestu
907 1137 939 1209 et
962 1134 1156 1198 secundante

119 1223 250 1286 claudae
282 1245 380 1286 naves
413 1244 485 1286 raro
509 1222 644 1306 remigio
664 1225 733 1285 ,aut
768 1222 903 1286 intentis
936 1223 1092 1305 vestibus,
1125 1227 1158 1287 et

98 1334 148 1374 am
168 1334 188 1374 a
206 1311 413 1375 validioribus
432 1314 564 1394 tractae,
586 1315 758 1394 revertere,
782 1333 861 1393 quas
883 1311 1002 1394 raptim
1020 1311 1157 1376 refectas

98 1405 137 1464 ut
160 1404 380 1466 scrutarentur
397 1401 531 1464 insulas.
567 1399 694 1464 collecti
712 1422 750 1463 ea
768 1421 845 1464 cura
862 1400 1013 1483 plerique.
1036 1400 1156 1465 multos

98 1490 178 1552 varii
200 1511 305 1571 nuper
332 1491 363 1552 in
394 1489 488 1552 fidem
517 1489 639 1572 accepti
668 1488 852 1572 redemptos
881 1490 922 1553 ab
949 1488 1158 1554 interioribus
1170 1506 1202 1553 15

100 1600 167 1660 ere,
200 1578 329 1661 quidam
357 1578 392 1640 in
414 1576 618 1641 Britanniam
645 1577 732 1660 rapti
763 1582 796 1640 et
826 1578 952 1641 remissi
982 1600 1002 1641 a
1028 1579 1159 1662 regulis.

98 1670 119 1730 is
144 1689 181 1730 ex
205 1667 384 1751 longinquo
415 1670 595 1749 revenerat,
618 1666 773 1730 miracula
795 1667 981 1749 narrabant,
1003 1667 1070 1730 vim
1092 1671 1158 1730 tur-

98 1806 102 1818 .
126 1761 159 1819 et
182 1756 344 1820 inauditas
368 1757 527 1838 11111111,
550 1760 696 1819 monstra
718 1756 833 1837 maris,
861 1755 1028 1839 ambiguas
1054 1754 1158 1820 homi·

98 1849 125 1908 et
147 1845 317 1908 beluarum
339 1844 471 1924 formas,
494 1847 565 1908 visa
584 1845 650 1908 sive
674 1865 712 1907 ex
735 1847 824 1907 metu
848 1843 976 1908 credita.

99 1933 140 1997 ed
171 1933 260 1997 fama
292 1934 406 1997 classis
437 1934 573 1997 amissae
606 1936 643 1996 ut
666 1932 844 1996 Germanos
877 1933 918 1996 ad
955 1953 1045 2016 spem
1071 1932 1157 2015 belli,
1167 1932 1210 1996 25

98 2044 237 2086 resarem
270 2022 310 2086 ad
346 2022 556 2086 coercendum
589 2023 699 2086 erexit.
732 2020 766 2086 C.
799 2019 879 2085 Silio
917 2042 989 2086 cum
1021 2021 1158 2104 triginta

99 2135 143 2193 m,
166 2111 270 2175 tribus
294 2112 437 2194 equitum
460 2112 590 2175 milibus
618 2111 665 2174 ire
688 2111 722 2173 in
746 2107 883 2175 Chattos
907 2110 1059 2193 imperat;
1087 2109 1156 2193 ipse

98 2201 166 2264 ibus
192 2200 292 2282 copiis
316 2199 442 2264 Marsos
476 2199 646 2283 inrumpit,
677 2220 813 2283 quorum
846 2198 910 2262 dux
933 2197 1157 2263 Mallovendus

103 2290 139 2352 in
153 2289 350 2353 deditionem
369 2293 518 2371 acceptus
533 2289 713 2371 propinquo
728 2289 800 2352 luco
820 2287 981 2352 defossam
996 2285 1158 2352 Varianae
1176 2304 1192 2351 1

98 2381 125 2442 11
146 2378 288 2460 aquilam
306 2377 432 2441 modico
446 2377 608 2460 praesidio
628 2377 748 2441 servari
766 2376 896 2440 indicat.
923 2376 1023 2440 missa
1037 2380 1156 2441 extem-

99 2489 180 2530 anus
209 2488 290 2550 quae
318 2466 443 2530 hostem
471 2466 619 2530 afronte
643 2466 780 2529 eliceret.
817 2465 873 2529 alii
905 2465 961 2548 qui
983 2470 1076 2550 terga
1099 2464 1157 2529 cir-

100 2556 164 2618 essi
187 2555 391 2620 recluderent
418 2554 564 2636 humum,
594 2558 627 2618 et
653 2555 798 2638 utrisque
822 2553 926 2618 adfuit
949 2553 1089 2618 fortuna.
1119 2575 1157 2618 eo

98 2644 169 2708 »tior
200 2642 319 2708 Caesar
355 2643 462 2728 pergit
493 2644 668 2725 introrsus,
700 2644 887 2727 populatur,
919 2643 1059 2706 excindit
1089 2664 1156 2706 non

98 2788 100 2795 .
128 2733 282 2818 congredi
313 2732 440 2796 hostem
474 2736 543 2815 aut,
571 2733 673 2795 sicubi
696 2732 870 2813 restiterat,
894 2732 1004 2795 statim
1028 2732 1156 2814 pulsum
1168 2746 1200 2794 10

98 2843 226 2904 mquam
254 2821 375 2905 magis,
407 2824 444 2884 ut
476 2843 514 2884 ex
542 2821 678 2904 captivis
702 2820 870 2904 cognitum
893 2824 952 2901 est,
973 2822 1154 2902 paventem.

98 2997 125 3050 lu
146 3001 274 3063 praestat
296 2995 353 3049 und
372 2997 545 3049 111111111-
636 3001 661 3049 9.
698 2995 805 3062 scopuli
829 2993 892 3047 sind
920 2993 981 3047 hier
1006 2991 1155 3061 Steinriffe,

105 3067 167 3121 sich
195 3067 240 3120 die
265 3066 380 3136 Objeete
405 3084 455 3120 aus
481 3066 546 3120 dem
599 3084 650 3120 aus
668 3065 762 3120 vielen
779 3065 903 3119 Blbcken
921 3064 1082 3120 bestehend.

98 3138 256 3206 nenhange.
637 3143 679 3190 11.
698 3141 821 3206 oppetere
833 3137 953 3204 absolut,
973 3135 1154 3190 1111111111-

98 3226 140 3263 111
154 3226 230 3262 mare
244 3212 300 3263 erst
318 3225 363 3262 am
374 3207 486 3262 Schlusr
497 3207 547 3262 der
600 3208 729 3278 gefu'gtes
747 3213 857 3262 martem
875 3207 947 3262 1111
965 3213 992 3275 4,
1010 3213 1058 3274 503
1078 3208 1156 3261 sonst

98 3298 103 3333 1
123 3281 200 3334 steht
218 3280 274 3333 und
290 3279 370 3334 nicht
383 3280 470 3333 sehon
483 3296 545 3332 vor·
599 3298 653 3333 nur
666 3279 713 3333 bei
726 3277 819 3348 Virgil
835 3279 893 3332 und
912 3278 1056 3348 Sptteren.
1070 3309 1104 3352 3-
1118 3294 1156 3332 se·

116 3349 234 3405 Ablativ
252 3351 298 3404 bei
315 3356 400 3417 caelo,
418 3349 457 3404 ist
474 3367 547 3403 zwar
600 3352 721 3415 euadere
747 3349 777 3403 in
805 3349 952 3404 derselben
974 3348 1157 3418 Verbindung

98 3421 213 3488 lhnlich,
232 3421 545 3476 111111111111111111-
599 3420 759 3476 11111111.
779 3427 822 3489 26,
841 3427 866 3475 3.
892 3421 976 3475 Sonat
988 3419 1157 3474 dichteriseh

98 3493 133 3547 lb
157 3492 273 3547 Tacitus
295 3493 377 3547 beide
395 3492 547 3562 Adjectiva
599 3493 656 3545 und
675 3493 715 3545 im
734 3491 899 3560 Spatlatein.

98 3563 276 3618 abstantivirt
308 3563 428 3633 gedacht
464 3562 545 3631 habe,
637 3570 677 3617 12.
710 3565 825 3618 claudae
842 3579 939 3629 acces,
961 3562 1015 3616 wie
1032 3561 1093 3615 Liv.
1112 3567 1156 3628 37,

112 3634 244 3704 fraglich.
600 3641 634 3688 24
652 3635 766 3689 claudas
784 3636 946 3702 mutilosque
963 3648 1053 3686 aares.
1079 3631 1156 3687 Curt.

98 3707 195 3761 derare
219 3707 336 3774 aliquem
362 3707 432 3759 statt
458 3706 542 3759 eitam
600 3713 625 3772 9,
645 3711 669 3773 9,
690 3712 722 3759 13
742 3707 844 3759 clauda
853 3711 878 3759 et
886 3705 1024 3758 luhabe‘le‘a
1032 3704 1155 3772 reacipe'a.

98 3794 106 3832 r
134 3779 265 3843 tolerare,
293 3777 429 3831 durchaus
457 3793 543 3844 unge·
636 3783 677 3832 15.
710 3777 885 3846 Aaprr'aare'r',
903 3775 956 3828 wie
976 3791 1018 3843 ep.
1037 3780 1080 3828 22.

98 3848 140 3916 rh,
159 3849 233 3902 doch
251 3848 337 3902 sehon
355 3847 401 3901 bei
420 3845 496 3901 Caes.
516 3848 544 3901 b.
634 3847 682 3903 25.
703 3854 728 3901 2.
747 3846 840 3901 Ueber
858 3847 913 3901 den
930 3847 1058 3915 Legaten
1072 3845 1157 3900 Silius

98 3926 108 3974 l
133 3920 327 3988 copaoseebaut
352 3935 431 3986 equos
453 3934 544 3972 eoram
599 3937 620 3973 s.
640 3937 675 3972 11
694 3925 717 3986 1,
733 3925 775 3972 31.

100 3988 544 4059 ,18111111111111111Ρ111
635 3995 660 4043 8.
702 3989 838 4043 recludere
869 3988 907 4042 ist
939 3988 1067 4057 poetisch
1099 3987 1157 4041 und

98 4068 128 4129 3,
147 4068 181 4115 47
206 4067 303 4116 octaua
324 4062 403 4115 milia
425 4062 545 4129 equitum
598 4060 818 4115 nachklassiseb.
854 4059 920 4129 Vgl.
948 4058 1026 4129 Virg.
1055 4058 1156 4128 Georg.

98 4134 177 4186 raaia
194 4133 354 4187 tolerarisse
599 4139 625 4201 2,
644 4138 695 4185 423
715 4133 794 4185 lellus
812 4132 972 4186 recluditur.

98 4204 220 4272 adpellere
242 4209 342 4258 terram
364 4202 402 4258 ist
424 4197 472 4256 clu.
494 4201 543 4256 sl.
634 4209 659 4256 9.
692 4204 842 4268 excludere,
861 4202 906 4256 ein
925 4202 1047 4257 seltener
1065 4201 1155 4267 Wort,

98 4274 216 4343 malogie
236 4292 291 4329 von
314 4275 423 4339 adecti,
446 4275 544 4328 adaeu-
599 4275 671 4328 auch
685 4281 727 4342 12,
737 4280 779 4329 39.
799 4274 864 4328 hist.
879 4279 904 4341 5,
921 4280 963 4334 16,
983 4273 1055 4327 doch
1069 4272 1156 4327 sehon

98 4347 197 4400 1111111
214 4365 241 4401 u.
261 4363 286 4400 a.
597 4345 644 4399 bei
667 4343 763 4400 Cicero
786 4345 840 4399 mit
862 4345 917 4399 den
940 4343 1076 4414 Objecten
1094 4342 1155 4396 Nu-
