2722 4762
171 203 238 267 244
493 200 666 256 CORNELII
684 201 807 256 TAOITI
824 200 1024 257 Asusamus

169 387 225 431 cos
255 387 293 430 ea
323 365 466 429 tenuisse
496 361 700 448 Capreasque
733 362 883 429 Telebois
914 363 1082 431 habitatas
1112 364 1195 431 fama

172 453 228 520 sed
259 457 331 518 tum
354 452 505 518 Tiberius
538 452 706 517 duodecim
737 452 888 519 villarum
919 453 1108 520 nominibus
1138 458 1169 519 et
1196 477 1204 523 1

129 554 161 608 11
172 542 344 625 insederat,
368 545 489 627 quanto
509 541 652 606 intentus
676 541 755 605 olim
776 541 926 625 publicas
943 541 985 606 ad
1003 564 1109 622 curas,
1128 545 1204 610 11111

170 631 235 696 tior
252 630 287 696 in
306 632 400 696 luxus
420 635 453 695 et
475 630 597 694 malum
617 629 720 694 otium
741 629 914 696 resolutus.
932 631 1089 699 manebat
1106 631 1204 716 quipp

169 720 299 785 cionum
323 722 355 784 et
377 718 528 784 credendi
550 719 731 801 temeritas,
755 740 853 803 quam
876 716 1012 785 Seianus
1040 741 1160 806 augere
1187 743 1204 786 e

168 810 247 874 urbs
271 812 381 873 suetus
401 808 508 873 acrius
526 807 683 872 turbabat
699 828 766 871 non
787 807 854 872 iam
878 807 1013 874 occultis
1032 809 1202 874 adversum

165 898 277 981 pinam
306 900 339 961 et
366 895 531 961 Neronem
558 895 693 960 insidiis.
730 896 802 980 quis
830 896 960 963 additus
989 896 1085 964 miles
1116 901 1204 964 nunti

122 1001 157 1051 10
165 986 296 1068 troitus,
327 989 441 1070 aperta
474 987 600 1049 secreta
631 984 721 1048 velut
751 984 786 1049 in
822 985 955 1051 annales
986 986 1162 1069 referebat,
1193 1011 1204 1052 1·

166 1075 375 1140 struebantur
405 1074 460 1158 qui
492 1075 663 1138 monerent
689 1072 862 1158 perfugere
895 1073 936 1138 ad
963 1071 1204 1142 summisse

165 1164 217 1229 vel
240 1163 448 1228 celeberrimo
475 1161 540 1226 fori
568 1160 712 1245 effigiem
740 1161 807 1227 divi
830 1161 972 1248 Augusti
1000 1165 1152 1248 amplecti
1174 1187 1204 1248 p<

165 1272 227 1335 que
257 1272 295 1316 ac
324 1254 472 1315 senatum
501 1249 620 1314 auxilio
648 1271 774 1315 vocare.
809 1272 910 1336 eaque
939 1255 1052 1336 spreta
1079 1253 1121 1318 ab
1152 1252 1204 1318 1111

164 1343 326 1423 pararent,
345 1339 578 1404 obiciebantur.

112 1426 154 1498 68
253 1426 347 1493 Iunio
372 1426 483 1492 Silano
507 1431 541 1491 et
564 1424 644 1492 Silio
663 1425 772 1492 Nerva
794 1427 983 1493 consulibus
1005 1427 1137 1495 foedum
1160 1451 1204 1494 111·

165 1516 286 1600 cipium
318 1516 451 1582 incessit
485 1519 592 1581 tracto
625 1516 660 1579 in
689 1537 851 1582 carcerem
882 1516 1015 1583 inlustri
1045 1519 1156 1602 equite
1185 1517 1204 1582 1

165 1604 251 1670 Titio
276 1603 413 1689 Sabino,
437 1604 478 1669 ob
507 1604 685 1668 amicitiam
709 1603 905 1669 Germanici:
940 1627 1046 1690 neque
1073 1607 1161 1671 enim
1188 1629 1204 1672 0

164 1695 335 1778 coniugem
351 1693 543 1777 liberosque
566 1693 634 1757 eius
657 1693 835 1778 percolere,
864 1697 1006 1760 sectator
1037 1694 1139 1779 domi,
1171 1716 1204 1759 11

128 1798 145 1846 1
163 1783 309 1867 publice,
330 1786 407 1866 post
434 1785 485 1848 tot
508 1782 641 1847 clientes
664 1803 747 1846 unus
772 1803 874 1866 eoque
896 1783 984 1866 apud
1006 1783 1112 1849 bonos
1135 1784 1204 1849 laud

164 1872 273 1957 gravis
296 1871 425 1956 iniquis.
461 1871 548 1936 hunc
571 1869 719 1935 Latinius
742 1869 900 1950 Latiaris,
925 1870 1061 1937 Porcius
1084 1870 1181 1956 (1110,
1202 1871 1204 1934 ἶ

163 1960 276 2044 Rufus,
299 1959 343 2025 M.
366 1959 485 2044 Opsius
515 1961 669 2043 praetura
691 1958 793 2024 functi
817 1959 1063 2045 adgrediuntur,
1091 1961 1204 2045 cupidi]

165 2049 304 2132 sulatus,
328 2049 369 2112 ad
392 2070 488 2133 quem
510 2069 578 2112 non
606 2047 670 2111 nisi
697 2069 756 2131 per
780 2047 932 2113 Seianum
960 2049 1080 2133 aditus,
1106 2071 1204 2135 neque

163 2137 314 2201 voluntas
337 2136 402 2201 nisi
426 2137 545 2201 scelere
574 2137 797 2220 quaerebatur.
833 2138 1049 2220 compositum
1077 2138 1165 2203 inter
1192 2139 1203 2202 i

122 2222 317 2308 10Latiaris,
340 2225 395 2308 qui
413 2224 539 2289 modico
559 2246 621 2289 usu
640 2222 795 2289 Sabinum
815 2225 1037 2311 contingebat,
1060 2230 1200 2292 strueret

164 2313 262 2376 ceteri
284 2315 383 2377 testes
413 2312 578 2395 adessent,
606 2312 721 2377 deinde
749 2314 987 2379 accusationem
1014 2315 1203 2400 inciperent.

162 2399 304 2465 Latiaris
328 2402 432 2466 iacere
456 2401 608 2465 fortuitos
631 2402 773 2486 primum
797 2424 977 2487 sermones,
1004 2425 1081 2468 mox
1107 2405 1204 2469 lauda

203 2598 244 2647 13.
255 2587 724 2662 1111Τ1111111(Τ111βόαι)111111111-
779 2593 841 2649 eine
859 2593 998 2661 Partikel,
1016 2594 1070 2650 1111
1088 2578 1204 2651 sihonl

163 2665 212 2718 ten
222 2681 278 2718 von
293 2664 347 2719 den
363 2663 541 2733 Taphischen
553 2663 646 2719 Inseln
661 2664 724 2718 zwi-
780 2664 887 2732 sikero,
915 2681 997 2720 wenn
1021 2665 1072 2720 der
1088 2666 1204 2722 Vomarr

163 2736 249 2789 scheri
262 2735 439 2790 Acarnanicn
449 2733 507 2788 und
516 2733 631 2793 Ireucas.
646 2735 740 2805 Virg„
779 2735 845 2791 dial.
866 2742 899 2790 17
918 2736 1017 2792 Hirtio
1034 2741 1060 2791 et
1075 2736 1174 2793 Purrcsa
1187 2755 1204 2794 1

163 2807 232 2862 Aen.
253 2813 278 2872 7,
298 2813 350 2861 734
373 2821 451 2876 quem
473 2822 614 2876 peucrussc
640 2806 726 2861 Telon
779 2812 815 2859 44
834 2805 943 2877 Collepu
957 2807 1109 2878 Priscoque
1122 2825 1188 2864 coss.

163 2877 304 2932 Sebethide
322 2879 444 2948 upmpbu
462 2879 560 2945 fertrsr,
581 2877 725 2933 Teletorua
779 2877 815 2931 de
833 2893 890 2934 sen.
912 2882 936 2944 ς.
957 2883 991 2933 10
1014 2880 1173 2935 consulebas
1198 2880 1204 2934 1

164 2948 285 3018 Capreas
304 2965 366 3003 cum
383 2965 470 3019 repud
487 2953 594 3003 1111111.
779 2952 804 3002 et
824 2948 944 3018 (letbepo.
971 2953 995 3014 5.
1016 2954 1050 3004 14
1074 2949 1204 3020 Guepr'our

201 3026 243 3075 14.
277 3021 422 3074 duodecim
441 3050 474 3059 -
493 3020 643 3088 insederat,
663 3019 725 3073 eine
780 3020 864 3088 lippo.
892 3024 916 3085 5.
936 3025 971 3075 50
1000 3019 1119 3077 01111011
1139 3022 1204 3078 Tud

165 3088 726 3159 1111311111111111111111113,(1111181111
780 3121 813 3130 -
842 3089 958 3146 Salanus
984 3107 1043 3146 war
1070 3091 1111 3146 1111
1134 3094 1162 3148 J.
1185 3100 1204 3148 2*

164 3161 215 3214 ist:
245 3160 376 3214 11111111
402 3161 447 3214 die
470 3161 545 3214 Insel
567 3161 621 3214 mit
643 3161 729 3215 awtlf
778 3160 996 3232 Erpressungen‚
1016 3161 1061 3217 die
1081 3179 1111 3218 er
1129 3164 1204 3218 alsi

163 3229 725 3301 1111111111111111111111111111111311
779 3247 835 3286 von
853 3231 922 3287 Asia
940 3233 1102 3304 begangen,
1121 3236 1196 3290 nach

163 3299 258 3355 Villen
276 3300 392 3367 besetrt,
410 3301 540 3355 bebauet.
779 3303 918 3357 verbannt
940 3304 1061 3359 worden.
1098 3304 1139 3358 Er
1162 3306 1204 3360 wir

202 3371 724 3440 1111110111,111111111111311-
778 3379 813 3427 32
837 3375 910 3428 ohne
932 3375 1031 3444 Erfolg
1057 3391 1158 3445 stegen
1180 3376 1204 3429 M

164 3441 216 3510 tir,
235 3440 289 3496 wie
307 3458 350 3511 cp.
370 3447 404 3495 12
423 3443 522 3496 occulti
540 3443 725 3498 laetabamur.
780 3443 963 3515 beleidigung
977 3445 1140 3516 angelrlagt,
1153 3445 1194 3501 im

164 3518 200 3568 40
218 3528 276 3568 rrou
288 3513 389 3569 occulti
401 3513 502 3579 seruat.
522 3512 589 3568 Man
604 3514 724 3569 braucht
777 3515 922 3570 Anstiften
952 3517 1002 3572 der
1027 3516 1181 3573 Messalina

165 3585 226 3640 also
250 3583 327 3639 disse
350 3583 602 3639 handscbriftliche
625 3585 724 3640 Lesart
777 3586 923 3641 Narcissus
945 3604 1002 3643 ron
1020 3586 1155 3644 Claudius
1179 3609 1204 3644 11

162 3656 243 3711 nicht
269 3656 300 3710 in
327 3656 443 3711 occultos
472 3654 538 3709 oder
566 3657 723 3711 occultiores
776 3657 1158 3724 venditent-Neruam
1171 3677 1204 3715 so:

163 3744 198 3780 zu
216 3727 330 3781 ‘andern
775 3727 908 3784 bekannt.

201 3802 243 3851 16.
263 3799 398 3853 resolutus
416 3798 446 3851 in
464 3796 570 3852 diesem
586 3796 671 3852 Sinne
684 3797 723 3852 ist
812 3804 837 3853 3.
863 3798 1000 3866 Sabinus,
1027 3801 1115 3856 1111111
1130 3801 1172 3856 im
1190 3802 1204 3855 J

163 3866 335 3922 dichterisch
354 3869 411 3922 und
429 3868 650 3923 nachklassisch.
776 3869 938 3925 demselben
963 3870 1077 3926 Grande
1108 3888 1204 3942 augear

201 3942 242 3992 17.
262 3937 339 3993 Stati
356 3940 484 3994 medendi
501 3940 638 3994 temeritas
657 3943 722 4010 sagt
775 3957 834 3995 war
853 3940 961 3996 damals
979 3942 1130 3998 verscbont
1146 3961 1204 3999 wor

166 4006 282 4063 Tacitus
301 4012 380 4064 soust
396 4011 552 4067 credulitas.
777 4017 810 4066 19
829 4012 917 4068 deluto
935 4013 973 4068 ad
990 4017 1096 4082 ternpus
1113 4012 1205 4070 Sabin

199 4083 243 4132 22.
280 4080 449 4135 celeberrimo
475 4082 533 4149 fort
565 4081 633 4151 „auf
658 4082 722 4137 dem
810 4087 836 4137 4.
864 4084 1002 4152 percolere
1023 4083 1063 4139 ist
1077 4085 1204 4141 unklassi

162 4149 374 4217 frequentesten
393 4151 492 4208 Theile
512 4153 561 4208 des
577 4153 721 4208 Forums“.
776 4156 834 4208 erst
846 4152 894 4208 bei
907 4155 1034 4224 Plautus,
1052 4154 1129 4210 dann
1141 4155 1204 4213 imr

199 4219 248 4278 68.
281 4220 333 4275 Die
357 4221 558 4279 coordination
580 4225 629 4280 der
652 4224 722 4280 Gon·
775 4224 877 4280 Latcin
894 4225 952 4280 und
970 4225 1017 4281 bei
1036 4225 1182 4296 Spttoren

163 4291 309 4347 1111111111
327 4291 415 4346 durch
432 4297 457 4346 et
474 4295 525 4351 hat
538 4295 652 4352 Tacitus
665 4298 723 4352 erst
812 4303 837 4351 6.
867 4295 1057 4366 Out0,1lufus
1074 4297 1133 4352 und
1153 4299 1204 4370 Ops

163 4364 193 4418 in
221 4362 274 4419 deu
298 4363 434 4419 Annalen.
471 4365 662 4438 Notbwendig
684 4367 723 4422 ist
776 4367 990 4423 unbcdeutende
1006 4367 1158 4426 Personen.
