2722 4762
166 169 232 234 218
491 169 664 227 CORNELII
682 170 804 227 ΤΔΟΙΤῙ
822 170 1021 227 annaeum

165 336 224 416 est,
246 353 383 417 egenam
406 354 510 416 aquae
528 337 699 417 utramque
722 334 863 398 insulam
886 331 1029 398 referens
1048 332 1238 418 dandosque

130 436 242 485 bueus
265 421 318 485 cui
341 421 409 485 vita
431 421 667 486 concederetur.
704 421 752 486 ita
775 420 913 486 Serenus
936 421 1119 507 Amorgum
1149 425 1250 506 repert

165 513 198 573 et
233 509 310 592 quia
342 507 505 574 Cornutus
543 533 602 575 sua
632 532 732 575 manu
763 510 937 594 ceciderat,
969 513 1081 575 actum
1117 510 1160 575 de
1190 532 1250 594 pra

165 601 389 662 accusatorum
412 598 588 682 abolendis,
612 599 734 682 siquis
758 599 941 664 maiestatis
963 599 1153 683 postulatus
1175 603 1249 663 ante

164 685 285 750 fectum
322 686 475 751 iudicium
512 709 546 751 se
578 688 648 771 ipse
677 688 746 752 rita
767 688 970 770 privavisset
1014 687 1191 772 ibaturque
1213 688 1246 752 in

166 775 374 859 sententiam,
411 775 446 838 ni
483 775 593 840 durius
631 779 805 860 contraque
843 797 968 840 morem
1004 798 1101 841 suum
1137 777 1246 861 palam

123 878 155 926 10
166 864 407 928 accusatoribus
431 861 550 928 Caesar
572 864 688 928 inritas
712 864 810 948 leges,
832 885 902 930 rem
924 864 1090 947 publicam
1110 864 1150 929 in
1172 886 1248 948 prae

165 955 360 1035 conquestus
380 954 479 1034 esset,
494 952 717 1017 subverterent
729 953 839 1035 potius
858 953 928 1016 iura
947 973 1045 1037 quam
1058 953 1211 1017 custodes
1230 975 1250 1016 e

165 1044 363 1105 amoverent
400 1039 446 1104 sio
465 1040 633 1122 delatores,
657 1062 758 1125 genus
777 1041 948 1105 hominum
965 1040 1098 1125 publico
1116 1040 1217 1105 exitio
1234 1063 1250 1104 r

163 1132 290 1192 tum-et
316 1149 355 1193 ue
380 1128 495 1211 poenis
520 1129 648 1213 quidem
670 1151 824 1213 umquam
847 1129 926 1194 satis
950 1128 1143 1213 cobrciturn,
1166 1151 1225 1214 per
1249 1207 1250 1211 Ἰ

164 1217 232 1280 mia
254 1216 472 1281 eliciebantur.

111 1306 152 1368 31
252 1303 313 1368 His
342 1307 410 1368 tam
438 1304 582 1369 adsiduis
609 1309 742 1389 tamque
770 1307 903 1379 maestis
930 1305 1058 1371 modica
1084 1306 1216 1375 laetitia
1245 1307 1250 1369 i

164 1392 276 1476 icitur,
300 1392 386 1476 quod
410 1391 445 1458 Ο.
468 1391 652 1459 Cominium
677 1394 818 1478 equitem
839 1393 1037 1478 Romanum,
1068 1394 1223 1478 probrosi

164 1481 317 1545 carminis
342 1483 537 1565 convictum,
561 1480 680 1546 Caesar
702 1483 852 1566 precibus
874 1483 999 1566 fratris,
1029 1484 1087 1566 qui
1108 1487 1242 1548 senator

165 1570 333 1634 concessit.
369 1593 432 1655 quo
456 1571 563 1656 magis
594 1571 713 1635 mirum
735 1570 917 1636 habebatur
939 1591 1079 1656 guarum
1100 1571 1250 1636 meliorui

129 1675 145 1722 5
165 1679 247 1740 quae
269 1657 357 1723 fama
375 1660 580 1723 clementiam
600 1663 797 1744 sequeretur,
819 1660 965 1724 tristiora
983 1659 1089 1724 malle.
1124 1680 1232 1745 neque

166 1747 314 1811 socordia
327 1749 498 1831 peccabat,
516 1770 576 1812 nec
595 1749 757 1813 occultum
776 1752 834 1831 est,
852 1748 981 1832 quando
996 1769 1036 1812 ex
1048 1747 1199 1832 veritate,
1213 1771 1250 1832 qu

164 1835 357 1900 adumbrata
384 1837 509 1902 laetitia
538 1837 626 1901 facta
652 1838 884 1921 imperatorum
912 1837 1121 1901 celebrentur.
1159 1838 1240 1922 quin

165 1925 351 2008 conpositus
367 1927 447 1990 alias
462 1930 495 1990 et
508 1927 597 1990 velut
615 1926 827 1990 eluctantium
845 1926 1027 2009 verborum,
1050 1925 1192 1990 solutius
1210 1948 1250 2008 pr

165 2013 295 2097 tiusque
337 2015 560 2098 eloquebatur,
601 2014 750 2097 quotiens
797 2014 992 2078 subveniret.
1043 2017 1079 2077 at
1113 2012 1153 2079 P.
1190 2011 1250 2078 Sui

119 2117 153 2165 10
163 2106 366 2184 quaestorem
386 2103 548 2186 quondam
567 2100 760 2186 Germanici,
779 2124 852 2167 cum
870 2101 967 2167 Italia
984 2105 1149 2166 arceretur
1172 2123 1250 2166 cone

163 2189 332 2271 pecuniam
356 2190 398 2255 ob
421 2212 489 2254 rem
512 2190 717 2255 iudicandam
740 2191 876 2275 cepisse,
899 2189 1115 2256 amovendum
1137 2190 1175 2254 in
1196 2191 1250 2255 ins

164 2279 298 2358 censuit,
321 2282 415 2342 tanta
438 2279 644 2343 contentione
668 2279 782 2363 animi,
809 2283 847 2344 ut
867 2280 938 2343 iure
960 2278 1097 2343 iurando
1121 2279 1250 2361 obstrim

164 2385 181 2427 e
204 2387 239 2428 re
261 2365 393 2448 publica
416 2368 449 2432 id
473 2389 552 2432 esee.
591 2368 676 2452 quod
700 2389 811 2450 aspere
836 2371 1003 2450 acceptum
1025 2366 1067 2431 ad
1089 2388 1244 2451 praesens

163 2453 198 2515 in
231 2454 358 2518 leudem
390 2456 490 2520 vertit
517 2477 662 2541 regresso
686 2455 815 2540 Suillio,
848 2477 944 2540 quem
971 2455 1053 2521 vidit
1080 2477 1218 2540 sequens
1248 2486 1250 2516 l

121 2547 421 2627 repraepotentem,
449 2545 597 2609 venalem
625 2549 657 2608 et
681 2542 808 2609 Claudii
836 2544 993 2628 principis
1016 2544 1161 2608 amicitia
1185 2544 1240 2608 diu

163 2652 263 2713 spere,
284 2653 461 2716 numquam
479 2633 561 2697 benc
583 2655 685 2697 usum.
722 2633 834 2698 eadem
857 2653 964 2717 poena
985 2632 1021 2696 in
1040 2629 1158 2696 (latum
1176 2630 1250 2696 Firn

163 2723 344 2784 senatorem
382 2722 560 2805 statuitur,⁶
591 2725 756 2806 tamquam
792 2721 884 2786 falsis
925 2719 1104 2785 maiestatis
1146 2720 1250 2785 erimir

199 2919 223 2968 b.
237 2912 535 2983 cinanmomum,
549 2914 721 2968 abstractum
775 2912 832 2967 und
851 2913 927 2968 dann
948 2913 1030 2967 einen
1051 2911 1210 2966 indirecten
1232 2912 1250 2966 F

162 3001 213 3052 pro
232 2987 375 3052 concreto,
400 2985 453 3039 wie
471 2986 558 3040 achon
576 2985 622 3039 bei
641 2984 721 3039 Klas-
775 2986 841 3039 sata.
879 2983 906 3038 S.
925 2982 999 3040 Einl.
1017 2988 1041 3049 ὅ.
1062 2989 1123 3050 119,
1143 2986 1186 3038 12.

163 3055 264 3110 Sikeffl·
301 3056 366 3124 Vssl·
385 3055 458 3112 Einl·
478 3061 501 3120 i·
521 3062 546 3111 2-
811 3076 835 3128 8.
877 3073 1056 3126 eluctantem
1089 3071 1248 3136 certorum,

198 3148 223 3196 6.
259 3143 293 3195 de
327 3145 474 3210 praemiis,
516 3144 639 3197 ndmlich
675 3143 721 3197 die
774 3142 1021 3213 brachylogischer
1038 3140 1152 3197 Genitir
1169 3141 1250 3196 derE

161 3216 276 3280 quarta3
295 3231 315 3266 s.
335 3230 369 3265 zu
388 3229 431 3281 cp.
451 3218 494 3267 20.
775 3213 878 3280 schaft,
904 3213 958 3268 wie
976 3229 1019 3282 cp.
1038 3218 1072 3267 29
1091 3212 1250 3267 Lmtrdasr

199 3305 222 3354 7.
246 3299 338 3354 Ueber
354 3302 494 3367 postulare
511 3301 565 3355 mit
583 3301 647 3355 dem
666 3300 720 3355 Ge·
774 3286 842 3338 Wlfss
860 3289 1000 3338 mmai·

162 3368 234 3423 nitiv
253 3389 274 3425 s.
294 3388 329 3423 zu
349 3376 372 3439 1,
393 3377 435 3424 74.
810 3378 838 3427 9.
855 3371 949 3426 Ueber
966 3372 1089 3440 aarum
1106 3370 1161 3427 mit
1178 3371 1243 3426 dem

198 3447 222 3494 9.
255 3442 361 3509 palam.
394 3440 461 3494 Dies
480 3458 538 3495 war
556 3441 720 3509 auffallend‚
771 3443 916 3512 junctivus
939 3440 1086 3497 iterativue
1109 3460 1130 3497 a.
1148 3440 1250 3502 Eiet!

162 3511 235 3566 donn
260 3513 339 3566 sonat
364 3513 461 3567 suchte
487 3512 614 3567 Tiberius
645 3513 720 3567 aeine
774 3516 828 3567 Am
854 3513 1012 3583 hbufigsten
1038 3513 1077 3568 ist
1099 3528 1129 3567 es
1151 3512 1198 3566 bei
1222 3513 1250 3566 St

161 3582 332 3651 politisehen
360 3583 435 3638 Ziele
459 3583 498 3637 im
523 3582 722 3653 Verborgeneu
775 3615 808 3623 -
835 3584 955 3639 Siclliae
977 3582 1073 3650 Busae
1095 3582 1134 3638 ist
1156 3583 1251 3638 Halbb

162 3655 230 3708 oder
248 3654 299 3709 auf
313 3654 467 3726 Umwegen
485 3673 519 3709 zu
537 3655 688 3710 erreichen.
775 3656 823 3709 des
843 3653 977 3721 Corbulo,
1000 3653 1050 3709 der
1073 3652 1134 3708 sich
1152 3655 1236 3709 unter

198 3742 247 3800 el.
267 3749 292 3798 3.
310 3745 418 3810 fratris.
438 3743 537 3798 Dieser
550 3760 607 3798 war
625 3746 721 3813 spater
774 3725 837 3780 dim
861 3727 919 3779 und
944 3725 1019 3781 Nem
1045 3724 1088 3780 ²1⁸
1111 3723 1248 3780 ffldheff

160 3814 243 3866 unter
274 3813 376 3869 Kaiser
406 3814 539 3870 Claudius
570 3814 721 3870 Pr000nsul
774 3797 926 3851 zeisshflele·

161 3899 217 3937 von
236 3883 354 3952 Canem·
812 3890 853 3939 ιο.
882 3885 1038 3939 womaro
1055 3882 1109 3938 mie
1126 3884 1225 3939 saeue
1244 3901 1250 3935 ⁴

197 3974 222 4026 1.
242 3973 383 4028 coeam
402 3977 472 4029 state
486 3975 647 4038 mame,
666 3973 719 4028 wie
774 3956 847 4010 auch
868 3960 909 4022 13,
928 3961 964 4008 44
981 3956 1040 4009 und
1058 3954 1147 4009 echon
1159 3954 1207 4009 bei
1221 3953 1250 4007 Se

161 4046 187 4107 a,
206 4046 248 4098 55.
269 4048 312 4111 ie,
331 4049 364 4097 ee
390 4046 546 4100 Maraces
561 4044 640 4113 pate
658 4061 720 4099 coe-
774 4025 880 4094 Livius,
899 4025 1015 4080 Curuus.
1054 4024 1081 4080 S·
1099 4024 1174 4080 Einl·
1193 4029 1250 4091 §.a

161 4127 250 4167 caecus
267 4117 313 4168 eet.
333 4113 390 4171 Cic
409 4133 436 4183 p.
454 4117 539 4171 Marc.
560 4122 574 4169 1
599 4117 720 4170 Marcel·
811 4121 853 4168 12.
885 4113 1052 4182 obutrt'nqen
1074 4112 1150 4168 ohne
1173 4111 1250 4167 Accu

161 4183 220 4237 lum
232 4185 343 4238 ammai
354 4187 508 4255 populoque
517 4187 643 4241 Ronwao
657 4203 720 4240 coa·
773 4205 826 4240 nur
844 4183 907 4239 hier
923 4183 982 4238 und
1000 4190 1025 4251 1,
1045 4189 1088 4242 14.

160 4256 271 4309 &aaut
294 4285 328 4295 -
354 4254 451 4324 (legen
473 4258 519 4311 die
542 4257 721 4313 Concinuitat
812 4263 855 4312 15.
870 4259 1081 4325 praepotentem
1096 4252 1213 4310 Suillius
1223 4252 1250 4308 is

160 4325 266 4395 regiert
282 4342 389 4396 quartu
406 4330 498 4382 ruerat
512 4328 594 4382 einen
608 4328 720 4384 Genitiv
773 4331 817 4383 ter
840 4327 886 4382 ein
909 4324 1098 4396 gefahrlicher
1114 4324 1250 4396 Ankltgei
