2722 4762
160 164 228 228 212
428 176 443 199 ·
482 162 657 217 CORNELII
675 161 798 217 TACITI
816 159 1016 217 ANNALIUM

159 327 314 407 exercita,
343 330 376 390 et
399 325 497 390 Silius
529 325 752 388 imminentem
785 323 1030 388 damnationem
1059 322 1244 389 voluntario
1268 324 1319 389 fine

158 414 346 498 praevertit.

107 504 151 568 20
251 501 415 567 Saevitum
443 505 554 566 tamen
576 502 611 565 in
633 502 732 582 bona,
764 523 831 565 non
863 505 900 565 ut
932 500 1154 584 stipendiariis
1183 501 1319 585 pecuniae
1352 578 1354 583 ¹

160 591 381 673 redderentur,
410 612 546 674 quorum
574 612 669 654 nemo
697 590 873 673 repetebat,
905 589 962 654 sed
987 588 1171 654 liberalitas
1196 589 1318 675 August

160 681 283 762 avulsa,
306 679 490 763 conputatis
514 679 705 763 singillatim
727 700 809 762 quae
832 679 911 742 fisco
935 678 1140 762 petebantur.
1172 698 1212 743 ea
1232 677 1319 763 prinu

161 768 290 833 Tiberio
313 790 391 853 erga
413 768 582 852 pecuniam
610 768 750 830 alienam
780 766 950 851 diligentia
976 767 1049 831 fuit.
1086 764 1185 831 Sosia
1212 766 1246 833 in
1269 766 1318 831 exi·
1349 770 1353 849 ff

125 872 142 921 5
160 858 240 922 lium
262 858 394 940 pellitur
416 855 523 921 Asinii
542 854 628 920 Galli
652 855 823 937 sententia,
854 855 911 939 qui
939 858 1068 940 partem
1094 855 1318 1009 bonorumpp

160 946 352 1028 blicandam,
374 967 451 1029 pars
474 949 511 1009 ut
532 945 643 1008 liberis
666 944 900 1028 relinqueretur
927 945 1107 1009 censuerat.
1143 946 1258 1009 contre
1305 946 1319 1007 ’.
1345 960 1353 1025 j

160 1034 301 1118 Lepidus
320 1037 469 1119 quartam
494 1033 735 1097 accusatoribus
759 1032 934 1097 secundum
955 1031 1230 1098 necessitudinem
1245 1032 1319 1118 legis,

161 1128 268 1187 cetera
295 1123 405 1186 liberis
436 1119 604 1186 concessit.
645 1121 730 1185 hunc
758 1142 819 1206 ego
847 1120 1006 1205 Lepidum
1037 1120 1242 1205 temporibus
1269 1119 1320 1185 illir
1346 1122 1349 1131 '

162 1232 294 1295 gravem
318 1215 350 1275 et
373 1211 552 1292 sapientem
583 1211 687 1274 virum
719 1209 820 1274 fuisse
850 1210 1044 1293 comperior,
1075 1230 1156 1273 nam
1184 1209 1321 1295 pleraque
1345 1212 1353 1294 j

119 1317 152 1364 10
163 1299 204 1363 ab
229 1300 332 1363 saevis
356 1298 595 1363 adulationibus
620 1299 758 1363 aliorum
779 1300 814 1362 in
836 1298 952 1362 melius
975 1298 1073 1381 flexit,
1099 1318 1209 1383 neque
1228 1302 1321 1363 turum
1347 1372 1352 1381 .

160 1388 408 1470 temperamenti
426 1388 551 1472 egebat,
575 1409 647 1451 cum
666 1387 832 1470 aequabili
850 1387 1046 1451 auctoritate
1068 1390 1102 1451 et
1124 1387 1235 1472 gratia
1251 1386 1322 1470 apud
1350 1400 1352 1405 '

160 1476 325 1540 Tiberium
345 1476 495 1560 viguerit,
518 1476 601 1540 unde
620 1476 769 1540 dubitare
793 1497 901 1561 cogor,
922 1476 991 1541 fato
1009 1478 1044 1539 et
1066 1478 1158 1540 sorte
1175 1474 1323 1559 nascendi,

160 1569 198 1629 ut
220 1570 341 1641 cetera,
372 1565 420 1628 ita
450 1565 633 1648 principum
664 1565 831 1629 inclinatio
859 1565 894 1629 in
920 1564 993 1647 hos,
1023 1563 1163 1629 ‹iliensio
1195 1564 1231 1629 in
1254 1564 1324 1645 illos,

163 1676 204 1717 an
224 1654 266 1717 sit
285 1652 406 1737 aliquid
424 1653 459 1718 in
477 1654 597 1718 nostris
622 1653 767 1718 consiliis
789 1654 949 1738 liceatque
967 1654 1052 1717 inter
1069 1653 1246 1737 abruptam
1263 1672 1323 1719 con

119 1758 151 1806 15
162 1745 336 1806 tumaciam
368 1746 401 1806 et
433 1742 575 1807 deforme
608 1742 798 1825 obsequium
829 1762 964 1826 pergere
996 1742 1059 1805 iter
1090 1741 1323 1807 ambitionem

161 1832 311 1915 periculis
349 1853 496 1896 vacuum.
538 1835 573 1895 at
607 1829 802 1895 Messalinus
840 1828 937 1896 Cotta
971 1829 1059 1895 haud
1094 1829 1207 1895 minue
1241 1828 1323 1895 cleris

161 1921 348 2002 maioribus,
372 1919 427 1984 sed
452 1920 561 1984 animo
580 1919 734 2002 diversus,
756 1920 882 1984 censuit
904 1919 1083 1983 cavendum
1105 1922 1240 1985 senatus
1260 1938 1324 1985 oon·

161 2010 263 2090 sulto,
294 2013 331 2071 ut
362 2030 557 2093 quamquam
589 2009 733 2072 insontes
766 2008 975 2093 magistratus
1008 2011 1041 2071 et
1070 2007 1186 2091 culpae
1212 2006 1351 2083 alieneer

162 2098 263 2161 nescii
296 2097 549 2179 provincialibus
582 2118 718 2160 uxorum
750 2096 939 2161 criminibus
971 2095 1103 2180 perinde
1134 2118 1234 2184 quam
1266 2086 1351 2161 suini

116 2201 151 2249 20
160 2184 387 2267 plecterentur.
1347 2204 1351 2277 3

107 2273 150 2338 21
251 2273 370 2336 Actum
393 2273 508 2337 dehinc
531 2273 569 2337 de
593 2271 768 2356 Calpurnio
792 2273 925 2357 Pisone,
946 2273 1050 2338 nobili
1073 2294 1112 2338 ac
1133 2272 1235 2339 feroci
1256 2271 1351 2338 viro.⁴

160 2361 188 2424 is
212 2382 360 2444 namque,
383 2365 421 2425 ut
443 2362 552 2439 retuli,
584 2383 748 2427 cessurum
777 2385 810 2427 se
842 2364 920 2427 urbe
949 2362 991 2426 ob
1020 2362 1181 2427 factiones
1209 2380 1325 2427 eccum

160 2454 268 2513 torum
299 2451 334 2512 in
365 2457 481 2514 senatu
517 2451 741 2516 clamitaverat
776 2456 809 2516 et
847 2454 956 2536 spreta
991 2446 1141 2534 potentia
1167 2448 1351 2571 Augusteeq'

160 2538 287 2601 trahere
306 2538 342 2601 in
360 2538 411 2602 ius
430 2537 644 2623 Urgulaniam
663 2540 822 2624 domoque
841 2539 997 2624 principis
1016 2539 1121 2605 excire
1140 2560 1238 2604 ausus
1255 2539 1323 2619 erut,
1336 2596 1350 2607 ..

195 2764 244 2822 20.
284 2772 307 2819 1.
344 2771 448 2829 tamur,
475 2765 549 2819 denn
576 2785 629 2820 nur
657 2783 720 2820 aus-
774 2767 970 2821 Hochverrath
1001 2765 1055 2819 mit
1086 2765 1152 2820 dem
1178 2764 1256 2821 Tode
1283 2764 1323 2817 be

160 2837 343 2891 nahmsweise
377 2836 532 2891 confiscirte
568 2855 635 2892 man
672 2839 721 2893 das
775 2838 884 2892 drohte.
1348 2860 1350 2865 ·

159 2909 318 2978 Vermtgen
338 2908 426 2973 derer,
445 2906 490 2961 die
510 2907 568 2961 sich
588 2909 637 2962 der
650 2909 720 2963 Ver·
811 2915 836 2962 9.
862 2908 1012 2976 coemeter
1028 2907 1067 2961 ist
1083 2906 1130 2961 fur
1147 2906 1265 2962 Tacitus
1279 2898 1322 2959 da
1347 2908 1350 2913 '

159 2979 323 3048 urtheilung
347 2979 437 3032 durch
462 2977 637 3034 Selbstmord
661 2982 721 3034 ent·
776 2976 835 3047 sle,
856 2980 932 3034 steht
946 2978 1052 3048 jedoch
1068 2977 1156 3033 sehon
1168 2978 1218 3033 bei
1231 2978 1324 3035 rum
1348 3000 1350 3005 ·

160 3065 248 3119 zogen
266 3051 373 3104 hatten.
774 3050 831 3104 und
851 3050 965 3103 Sallust.
1343 3100 1350 3107 .

195 3125 220 3173 3.
254 3123 368 3184 avulsa,
396 3120 458 3173 eine
483 3137 554 3174 neue
577 3121 634 3175 und
658 3121 721 3175 sehr
812 3143 853 3191 10,
872 3154 956 3206 'W
973 3142 1065 3191 ,amm
1082 3166 1117 3177 -
1136 3136 1244 3207 emp,
1260 3136 1350 3203 db;

160 3189 256 3243 starke
274 3190 433 3257 Metapbe13
458 3190 531 3244 doch
549 3191 720 3245 Aehnliches
775 3225 805 3263 0,
818 3209 955 3262 brauchte
969 3207 1030 3262 sich
1042 3206 1123 3262 niobe
1135 3224 1171 3261 m
1185 3206 1323 3277 mmm

161 3259 248 3313 sehon
267 3259 314 3312 bei
333 3259 438 3313 Cicero.
960 3298 966 3308 .
1145 3292 1152 3305 .
1293 3294 1300 3307 .

160 3329 658 3468 ..farra
671 3348 720 3470 a:
775 3302 853 3437 ..a
871 3313 923 3421 a
939 3294 1334 3421 tullium

160 3468 464 3596 quc²2·„A,¹¹{l,2,³,0
487 3471 593 3595 phet.
606 3473 664 3555 die
684 3490 720 3526 n
775 3437 883 3578 §rsa
901 3444 980 3562 lats
1001 3434 1326 3569 laabim

159 3560 331 3668 thideri—iona
348 3544 615 3666 rsqprkasqusegtem
625 3560 719 3613 &geni
773 3579 1054 3720 dicitlihddieddffig’
1071 3576 1120 3703 debir
1134 3572 1349 3709 lidiuridtebgi

155 3684 499 3824 ,altasar
519 3690 601 3823 tt
614 3690 718 3811 aa.
773 3720 950 3861 3315„qu
968 3718 1349 3851 ,Wfflpffgmffiff

159 3825 720 3966 arecensuerimus
892 3863 1045 3917 aa...
1067 3861 1156 3916 ...r
1183 3861 1243 3917 a.
1259 3859 1338 3929 ...2

159 3966 190 4019 in
208 3966 263 4019 den
278 3966 415 4033 Annalen,
435 3967 717 4036 annianum.
773 3950 822 4058 {¹12⁸
839 3933 1020 4059 32:33¹,ngss
1038 3932 1324 4059 Bsstffizgiwdmffiffi

159 4038 719 4176 ..1a..llll3.3t.t?ttr¹a¹t.ez
776 4075 1051 4201 {lggssffifflffigss
1078 4072 1246 4145 opponere
1275 4066 1324 4127 ..r

159 4177 249 4231 tilian.
287 4176 344 4231 Der
366 4177 455 4232 vierte
474 4180 556 4234 Theil
582 4181 631 4235 des
651 4181 720 4236 Ver·
1069 4144 1172 4201 kilm-

160 4254 276 4318 megene
296 4249 378 4302 stand
397 4249 461 4302 dem
475 4250 579 4321 Klager
598 4270 632 4305 zu
645 4253 720 4307 nach
811 4241 853 4289 16.
886 4232 1283 4303 cenomannenses.

159 4319 271 4374 derlee
290 4320 373 4374 Iulia
391 4321 593 4389 deerraicstcrte,
611 4323 719 4378 welche
808 4322 857 4380 21.
881 4329 905 4377 2.
934 4338 1058 4391 namque.
1086 4321 1181 4379 Ueber
1197 4322 1244 4379 die
1262 4316 1323 4377 sul·
