2722 4762
360 207 470 262 LIBER
488 207 533 261 lll
574 206 649 262 CAP.
670 211 783 261 50-53.
1096 205 1158 270 179
1271 231 1273 237 ’

98 393 129 434 m
159 370 319 434 damnatis
347 373 586 452 prorogaretur.
624 369 679 434 sed
706 391 772 432 non
800 368 926 432 senatui
956 368 1090 433 libertas
1119 370 1159 434 ad

98 459 215 523 endum
247 462 344 543 erat,
360 479 464 542 neque
496 456 645 522 Tiberius
682 457 853 521 interiectu
884 457 1041 540 temporis
1073 458 1203 524 miti-10

98 570 134 612 rr.

98 635 110 699 l.
134 634 295 718 Sulpicius
322 634 362 699 D.
385 634 538 699 Haterius
569 635 716 698 eonsules
754 637 944 717 sequuntur,
976 634 1159 699 inturbidus
1170 636 1213 701 52

100 724 128 787 is
147 724 243 788 rebus
263 744 376 806 annus,
395 723 484 786 domi
499 726 650 806 suspecta
664 723 835 788 severitate
855 721 1024 787 adversum
1039 723 1160 808 luxurn,

100 833 249 876 mensum
272 814 464 894 proruperat
491 812 531 875 ad
560 815 674 875 cuneta
706 813 777 895 quis
809 811 946 894 pecunia
968 810 1159 896 prodigitur.

98 900 132 964 ia
155 903 351 984 sumptuum,
375 899 521 984 quamvis
545 901 709 984 graviora,
737 898 949 964 dissimulatis
972 899 1160 984 plerumque

123 988 380 1073 occultabantur,
409 989 531 1052 ventris
562 992 595 1052 et
617 1010 741 1073 ganeae
769 991 902 1070 paratus
930 988 1071 1052 adsiduis
1096 1006 1195 1054 ser-5

100 1099 138 1140 us
162 1077 288 1160 vulgati
320 1077 464 1142 fecerant
487 1098 610 1159 curam,
637 1098 678 1141 ne
706 1078 855 1160 princeps
886 1077 1036 1158 antiquae
1058 1077 1160 1160 parsi·

97 1187 114 1229 e
147 1166 259 1229 durius
296 1166 486 1229 adverteret.
520 1187 598 1229 nam
634 1166 809 1248 incipiente
842 1163 876 1230 0.
908 1164 1026 1228 Bibulo
1064 1166 1161 1230 ceteri

98 1276 114 1319 e
138 1254 257 1317 aediles
282 1253 509 1333 disseruerant,
532 1255 639 1337 sperni
663 1254 897 1337 sumptuariam
920 1254 1026 1337 legem
1049 1255 1161 1318 vetita-

98 1341 261 1406 tensilium
288 1343 393 1425 pretia
412 1343 523 1426 augeri
545 1344 579 1406 in
601 1342 679 1422 dies,
701 1363 761 1407 nee
779 1341 994 1406 mediocribus
1013 1342 1162 1407 remediis

98 1452 188 1494 losse.
226 1433 259 1494 et
281 1431 420 1495 consulti
443 1434 551 1513 patres
575 1431 737 1515 integrum
765 1431 798 1494 id
821 1430 988 1515 negotium
1012 1431 1051 1494 ad
1075 1432 1206 1515 prin-10

120 1519 323 1584 distulerant.
361 1519 415 1583 sed
439 1518 586 1584 Tiberius
611 1541 706 1602 saepe
739 1520 824 1603 apud
860 1541 894 1583 se
924 1520 1097 1604 pensitato,
1121 1542 1162 1584 an

98 1608 127 1670 ri
150 1611 219 1671 tam
251 1608 404 1691 profusae
435 1608 599 1691 cupidines
628 1612 776 1691 possent,
808 1630 887 1671 num
915 1608 1065 1672 oodrcitio
1088 1610 1162 1692 plus

131 1696 166 1758 in
199 1716 267 1759 rem
297 1696 461 1778 publicam
490 1695 603 1780 ferret,
636 1719 733 1780 quam
763 1696 950 1761 indecorum
984 1697 1162 1761 adtrectare

108 1806 176 1849 non
213 1783 374 1848 obtineret
405 1785 456 1850 vel
489 1789 651 1860 retentum
683 1785 896 1869 ignominiam
930 1787 962 1848 et
993 1784 1160 1848 infamiam

98 1895 129 1935 m
162 1872 347 1937 inlustrium
379 1877 540 1958 posceret,
576 1877 742 1957 postremo
778 1874 905 1937 litteras
938 1873 978 1936 ad
1012 1878 1160 1937 senatum
1173 1890 1206 1939 15

98 1961 179 2043 suit,
203 1982 338 2044 quarum
362 1961 523 2026 sententia
545 1962 581 2026 in
603 1963 690 2027 hunc
712 1962 843 2026 modum
866 1961 938 2026 fuit.

98 2047 213 2114 leteris
241 2049 379 2114 forsitan
401 2052 436 2115 in
458 2051 569 2133 rebus,
592 2054 701 2134 patres
725 2049 899 2133 conscripti
906 2100 914 2133 ,
941 2050 1045 2134 magis
1069 2071 1161 2134 expe·
1172 2051 1214 2116 53

98 2159 126 2201 re
147 2158 256 2202 coram
275 2138 470 2223 interrogari
490 2142 522 2201 et
541 2139 646 2203 dicere
666 2139 743 2223 quid
762 2161 779 2203 e
798 2161 832 2203 re
851 2138 982 2222 publica
1000 2138 1162 2204 censeam:

98 2249 107 2290 3
127 2225 285 2289 relatione
305 2227 453 2307 subtrahi
472 2227 583 2292 oculos
606 2249 695 2292 meos
714 2228 830 2292 melius
853 2227 925 2311 fuit,
947 2249 987 2291 ne
1007 2227 1162 2292 denotan-

113 2314 207 2378 vobis
246 2337 302 2379 ora
336 2337 374 2380 ac
404 2319 527 2379 metum
558 2315 772 2400 singulorum,
805 2317 860 2399 qui
896 2316 1036 2398 pudendi
1067 2317 1162 2381 luxus

98 2405 213 2485 rentur,
245 2403 314 2485 ipse
347 2404 445 2468 etiam
478 2404 619 2468 viderem
652 2426 708 2469 eos
741 2427 778 2468 ao
809 2404 899 2468 velut
926 2405 1197 2488 deprenderem.5

98 2492 267 2556 simaeum
292 2496 365 2556 ante
388 2493 450 2556 viri
475 2493 606 2576 strenui,
626 2493 754 2572 aediles,
774 2493 945 2557 eonsilium
964 2493 1163 2576 habuissent,

123 2602 166 2642 an
191 2600 344 2644 suasurus
362 2581 481 2645 fuerim
500 2581 650 2646 omittere
669 2582 777 2665 potius
797 2581 1035 2664 praevalidaet
1053 2582 1164 2647 adulta

137 2735 263 2790 honnten
306 2736 345 2791 sie
387 2738 552 2808 ausgeftihrt
605 2738 650 2792 die
678 2738 822 2807 Augustus
850 2743 884 2791 22
913 2755 938 2791 v.
966 2736 1028 2794 Chr.
1058 2739 1163 2805 erliess,

98 2848 107 2859 ,.
604 2808 681 2862 ward
704 2810 787 2862 unter
806 2808 938 2862 anderem
957 2809 1005 2862 der
1023 2810 1163 2864 Aulwand

98 2877 254 2943 interiectu,
279 2879 348 2932 stets
366 2878 405 2931 im
424 2879 548 2948 Ablativ,
603 2879 648 2933 fiir
675 2878 856 2933 Gastm'ahler
884 2895 920 2932 an
948 2878 1003 2933 den
1026 2880 1163 2933 verschie-

98 2947 124 3002 ei
145 2946 254 3014 Cicero,
275 2949 343 3002 aber
360 2949 391 3002 in
408 2951 547 3018 tempora·
604 2951 693 3004 denen
711 2950 813 3004 Festen
833 2948 884 3003 auf
900 2948 1061 3004 bestimmte
1083 2949 1162 3004 Sum·

98 3019 215 3086 leutung
234 3037 287 3071 nur
300 3019 347 3072 bei
361 3018 476 3074 Tacitus
490 3022 548 3075 und
601 3055 666 3093 men
684 3037 862 3092 besem-gups,

98 3088 214 3171 dlalehj·
244 3089 308 3172 Vssl·
330 3106 372 3158 cP·
393 3097 426 3144 67
442 3107 546 3175 22209·
640 3116 681 3164 10.
701 3110 860 3177 sistiposse,
878 3107 1164 3176 sumusnostra

98 3176 170 3213 aum
184 3165 336 3214 catarracte.
364 3167 389 3229 6,
404 3167 438 3215 39
452 3167 546 3216 noctes.
600 3185 690 3250 potest
708 3181 842 3234 consuetis
861 3180 994 3234 remediis.

100 3229 302 3370 gioh'ifflggf
321 3231 395 3356 {⁶23ss
394 3232 550 3358 3813ᾞέᾗῖ
630 3275 682 3351 Ι11.
702 3269 867 3323 distulerant
884 3267 922 3322 ist
940 3272 1080 3351 pregnant
1094 3271 1165 3325 statt

445 3346 452 3371 '
603 3341 769 3394 distulerunt
793 3341 874 3394 etad
895 3342 1051 3408 principem
1068 3342 1162 3396 reiece-

98 3371 243 3497 219}ther
244 3371 477 3514 lissefflfffflge
488 3375 549 3499 ἓέῐᾶ
603 3416 676 3467 rant.
711 3410 796 3466 Sonst
815 3410 890 3464 steht
903 3410 950 3464 bei
964 3412 1074 3480 differre
1087 3413 1163 3466 wohl

98 3514 231 3639 nun
260 3514 549 3585 Η
604 3481 1163 3620 {restaurationum

98 3675 111 3723 r,
130 3629 203 3708 au'eh
224 3661 265 3724 14,
285 3662 327 3709 ss.
357 3657 421 3712 hist.
441 3663 466 3724 a,
486 3664 529 3713 ao.
601 3622 624 3675 P
626 3639 852 3705 ersonennamuen.
869 3653 902 3662 “
915 3625 1052 3704 lellaw
1063 3624 1104 3677 ³¹⁵
1115 3624 1162 3677 ab·

98 3742 182 3793 mm,
201 3725 262 3780 eine
280 3727 376 3781 ΗΜΘ
395 3729 479 3783 Fom
499 3729 549 3782 der
603 3695 708 3748 solutor
717 3695 833 3749 Ablatrv
851 3712 904 3747 nur
918 3693 978 3748 brer
992 3694 1049 3747 und
1066 3699 1162 3764 12,17.

98 3796 156 3852 tion
172 3815 206 3851 zu
220 3797 268 3852 der
282 3798 321 3851 im
338 3797 455 3868 vorigen
466 3798 548 3854 ὅπῃ
637 3781 685 3838 53.
707 3789 730 3837 3.
751 3783 953 3864 denotantibus,
971 3780 1096 3837 n‘amlich
1109 3781 1163 3835 mit

98 3884 149 3923 nen
169 3868 430 3938 Zestbegfimmung
603 3853 660 3936 den¹
671 3853 779 3923 Augen.
808 3852 863 3936 Oro
879 3851 960 3906 Catil
977 3858 1002 3918 1,
1018 3858 1031 3905 1
1047 3858 1126 3907 aetat
1139 3859 1164 3906 et

98 3955 240 3994 emensum.
275 3939 301 3994 s,
321 3959 354 3993 zu
374 3957 417 4009 ep,
438 3947 480 3995 25,
603 3925 728 3992 darnart
753 3925 840 3978 ocules
869 3924 907 3978 ad
933 3924 1039 3978 caedem
1064 3940 1163 3978 uuum·

97 4016 197 4067 aratus
223 4011 294 4064 statt
319 4017 474 4080 apparatus
497 4013 549 4066 hat
602 4011 731 4065 luemque
748 3999 880 4049 mmm·

98 4101 102 4135 ι
135 4081 221 4149 oster,
257 4083 328 4136 auch
362 4082 417 4136 Cic.
446 4083 492 4137 fin.
522 4089 547 4153 5,
640 4089 663 4138 7.
690 4084 804 4137 suadere
822 4081 876 4137 mit
895 4082 959 4137 dem
973 4083 1098 4138 Infinitiv
1112 4084 1163 4136 fin-

603 4154 652 4208 det
676 4155 736 4208 sich
760 4155 818 4208 erst
835 4155 866 4207 in
885 4155 939 4209 den
958 4154 1099 4209 Annalen:
1121 4160 1162 4222 13,

98 4224 206 4278 loertere
226 4224 372 4291 „ahnden“
393 4226 463 4285 statt
486 4229 547 4283 uni·
603 4230 646 4279 37.
671 4230 719 4294 15,
744 4231 786 4281 63.
812 4231 858 4294 16,
883 4231 907 4279 9.
941 4226 1034 4280 Sehon
1052 4225 1108 4280 Cio.
1128 4225 1162 4279 de

98 4296 206 4351 herclst
225 4295 391 4350 Taciteisch.
603 4312 641 4351 or.
664 4304 675 4350 1
701 4302 723 4361 ξ.
744 4301 794 4350 251
820 4312 897 4351 nemo
920 4298 1038 4352 suasae
1056 4327 1089 4336 -
1109 4296 1162 4349 ela-

98 4386 106 4421 ι
129 4366 180 4422 der
198 4367 242 4420 lea
261 4367 342 4421 Iulia
360 4373 547 4440 srcmptuurio,
603 4368 706 4423 horare.

896 4455 949 4510 12*
