2722 4762
111 221 174 284 142
430 219 602 276 CORNELII
622 218 744 273 TAGITI
765 218 962 274 ANNALIUM

1 377 3 381 ’
109 387 216 448 castra
243 383 499 466 corruptoribus,
531 403 572 446 ne
600 382 800 464 provinciam
832 381 916 446 bello
944 383 1095 465 temptet
1140 402 1262 466 quoquc

109 469 293 536 Germanici
325 492 482 536 memores
515 473 571 535 aut
607 470 746 535 inimicis
778 471 846 534 eius
884 470 1037 535 adversos
1073 474 1262 555 cognoverat,

109 560 279 644 contrahit,
297 559 553 644 magnitudinem
571 558 776 642 imperatoris
795 558 972 624 identidem
989 559 1144 644 ingerens
1162 561 1194 623 et
1207 580 1262 623 ren

108 648 273 731 publicam
311 649 408 712 armis
444 649 526 732 peti3
562 648 713 730 ducitque
749 647 890 712 validam
926 668 1062 712 manum
1093 650 1129 712 ct
1158 646 1264 732 proelio

64 755 97 801 15
131 740 266 801 aratam.

55 760 128 891 80p
195 824 264 889 Nec
287 824 371 908 Piso,
395 846 590 908 quamquam
614 827 730 906 coepta
749 846 840 889 secus
860 824 1027 907 cadebant,
1051 824 1167 889 omisit
1185 824 1262 889 tuiis·

108 914 189 978 sima
212 935 230 977 e
247 915 481 998 praesentibus,
504 913 560 977 sed
578 912 747 977 castellum
766 911 897 978 Ciliciae
915 912 1079 979 munitum
1097 913 1263 995 admodum,

107 1003 158 1067 cui
180 1024 301 1067 nomen
325 1000 524 1086 Celenderis,
547 1005 698 1085 occupat,
721 1023 798 1065 nam
827 1001 979 1065 admixtis
1002 1001 1265 1067 desertoribnsct

104 1092 209 1155 tirone
232 1112 335 1174 nuper
362 1091 542 1173 intercepto
571 1090 700 1173 suisque
729 1094 761 1153 et
787 1088 966 1155 Plancinae
994 1090 1138 1155 servitiis
1160 1088 1264 1155 anulis

70 1176 255 1262 sOilicum,
283 1201 365 1263 quae
393 1179 497 1263 reguli
525 1179 694 1257 miserant,
721 1179 756 1242 in
783 1200 954 1244 numerum
983 1178 1124 1265 legionis
1151 1198 1263 1263 compo

106 1270 222 1331 suerat.
264 1265 472 1352 Caesarisque
497 1289 530 1332 se
553 1268 696 1352 legatum
719 1268 904 1333 testabatur
926 1267 1106 1352 provincia,
1129 1288 1222 1353 quarn
1238 1266 1262 1330 is

106 1355 255 1439 dedisset,
279 1357 379 1420 arceri
397 1378 464 1420 non
483 1379 502 1420 a
520 1355 704 1440 legionibus
728 1353 855 1439 (aarum
873 1358 993 1441 quippe
1016 1357 1124 1421 accitu
1146 1356 1262 1439 rcnirc),
1291 1388 1293 1417 ι

106 1443 162 1506 sed
185 1466 204 1507 a
228 1441 339 1508 Sentio
362 1445 525 1527 privatum
557 1444 667 1508 odium
686 1444 786 1508 'falsis
814 1445 1004 1510 criminibus
1025 1447 1167 1530 tegente.
1199 1464 1261 1510 con·

105 1532 258 1596 sisterent
289 1533 324 1596 in
355 1534 437 1615 acie,
468 1554 533 1597 non
565 1533 758 1617 pugnaturis
781 1533 956 1618 militibus,
978 1533 1035 1599 ubi
1057 1532 1209 1599 Pisonem
1227 1531 1260 1596 ab

62 1639 94 1686 10
105 1621 185 1704 ipsis
204 1625 372 1704 parentem
391 1622 553 1705 quondam
573 1623 780 1705 appellatum,
800 1622 828 1686 si
846 1623 915 1686 iure
929 1625 1088 1707 ageretur,
1106 1621 1260 1706 potiorem,

104 1710 132 1772 si
151 1710 257 1793 armis,
275 1731 342 1773 non
361 1709 539 1774 invalidum
557 1709 721 1775 uidissent.
754 1715 824 1774 tum
843 1733 903 1794 pro
918 1710 1131 1775 munimentis
1149 1708 1258 1776 emuli

103 1799 287 1881 manipulos
311 1799 463 1882 explicat,
492 1799 573 1863 colle
604 1799 703 1863 arduo
728 1803 760 1862 et
783 1799 928 1883 derupto,
959 1820 1037 1863 nam
1065 1803 1174 1865 cetera
1192 1796 1260 1863 mari

103 1887 286 1972 cinguntur.
324 1892 438 1952 contra
470 1888 615 1952 veterani
652 1887 818 1952 ordinibus
852 1910 890 1952 ac
922 1887 1077 1953 subsidiis
1107 1884 1257 1953 mmcd:

102 1975 177 2040 hinc
200 1977 355 2059 militum,
378 1976 452 2040 inde
480 1976 624 2040 locorum
657 1977 830 2060 asperitas,
861 1977 916 2040 sed
947 1998 1016 2042 non
1044 1975 1187 2061 animus,
1204 1994 1258 2039 non

60 2080 91 2129 15
104 2085 186 2147 spes,
210 2086 250 2127 ne
273 2066 340 2128 tela
370 2066 497 2148 quidem
520 2065 584 2128 nisi
609 2066 749 2150 agrestia
778 2069 835 2128 aut
859 2065 1002 2130 subitum
1023 2065 1061 2129 iu
1082 2086 1179 2130 usum
1198 2082 1257 2149 pro·

101 2155 223 2235 perata.
259 2155 297 2216 ut
319 2174 434 2217 venere
457 2154 492 2217 in
515 2176 639 2232 manus,
661 2175 729 2218 non
750 2154 837 2218 ultra
859 2153 1054 2237 dubitatum,
1077 2152 1256 2238 quemdum

101 2239 268 2304 Romanae
287 2241 435 2305 cohortes
458 2242 493 2304 in
508 2264 646 2326 aequum
665 2243 876 2326 eniterentur,
895 2245 1026 2306 vertunt
1042 2245 1139 2327 terga
1156 2240 1256 2308 (titos

102 2349 199 2411 seque
222 2329 356 2394 castello
380 2331 541 2395 claudunt.

48 2419 90 2483 81
190 2417 325 2481 Interim
343 2417 420 2484 Piso
444 2419 581 2483 classem
603 2419 690 2483 haud
712 2419 825 2503 procul
844 2419 1067 2502 opperientem
1085 2418 1274 2505 adpugnare.

100 2505 223 2570 frustra
253 2508 438 2590 temptavit3
470 2528 702 2592 regressusque
735 2512 768 2572 et
799 2530 858 2591 pro
890 2507 1006 2592 muris,
1041 2506 1140 2573 modo
1171 2504 1256 2573 semet

101 2595 309 2678 adflictando,
345 2596 441 2660 modo
473 2597 618 2681 singulos
650 2597 781 2661 nomine
818 2597 920 2681 ciens,
955 2596 1109 2680 praemiis
1144 2606 1255 2675 vocans,

102 2681 293 2748 seditionem
312 2685 491 2768 coeptabat,
514 2685 656 2770 adeoque
671 2689 899 2771 commoverat,
921 2687 958 2749 ut
980 2684 1116 2770 signifer
1133 2681 1253 2771 legionis

65 2775 210 2839 cscxtae
242 2774 372 2858 signum
409 2773 450 2839 ad
486 2796 559 2838 curn
590 2774 803 2839 transtulerit.
848 2778 920 2838 tum
951 2770 1082 2839 Sentius
1118 2787 1254 2839 eccam

100 2883 220 2927 cornua
255 2862 414 2947 tubasque
451 2865 483 2926 et
523 2865 590 2946 peti
627 2884 792 2947 aggerem,
834 2863 914 2947 erigi
950 2862 1056 2927 scalas
1087 2862 1195 2947 iussit,
1219 2874 1254 2947 ,ιο

136 3043 177 3091 11.
215 3039 428 3107 corruptoribus.
470 3039 563 3093 Ucber
604 3038 658 3092 den
711 3041 859 3106 uurcutur,
884 3036 925 3090 ibi
942 3051 1047 3105 quoque
1063 3036 1142 3093 Med
1157 3037 1252 3107 inm

98 3108 193 3161 Ablat.
219 3108 398 3162 instrumenti
423 3125 478 3163 von
506 3108 657 3162 Perscnen·
711 3109 777 3175 fore.

99 3195 202 3232 namen
221 3198 242 3232 s.
262 3178 334 3234 Einl.
354 3185 377 3244 ξ.
396 3185 439 3233 36.
748 3184 789 3233 13.
809 3178 953 3233 ordinibus
971 3178 1021 3232 ctt.
1040 3178 1112 3234 sau
1126 3194 1177 3249 prr
1191 3172 1251 3233 αὗ·

136 3272 177 3319 13.
197 3268 377 3334 imperatoris.
401 3267 440 3320 Er
459 3266 582 3320 crinnert
595 3267 657 3320 dar·
710 3266 764 3304 1113-
804 3248 922 3332 3331111·
940 3253 965 3314 ἓ·
984 3253 1027 3303 37·
1061 3318 1070 3333 ,
1127 3318 1136 3333 ,
1263 3298 1266 3307 .

100 3354 147 3405 an,
165 3337 230 3390 ass
248 3337 309 3392 iure
324 3337 413 3392 sache
428 3338 474 3392 su
488 3337 657 3392 reamissa
749 3324 789 3374 1⁵·
822 3338 854 3374 u
872 3320 942 3374 sau
960 3319 1010 3387 ad.
1033 3336 1088 3375 me
1106 3320 1171 3377 suc
1186 3324 1210 3387 t
1224 3316 1249 3369 ²¹

99 3408 147 3463 sei.
172 3439 204 3447 —
228 3407 320 3462 Ueber
343 3409 389 3463 die
412 3408 579 3477 Bedeutung
602 3424 657 3464 von
710 3391 784 3444 11111111
808 3390 875 3445 Sall·
899 3389 963 3459 Jug-
987 3394 1031 3473 39,
1046 3384 1251 3461 ῙΙΨΜῙΙ

98 3480 219 3548 inperare
238 3497 258 3533 s,
278 3497 311 3532 zu
331 3486 355 3548 1,
375 3486 418 3534 ῃ,
711 3477 810 3516 marius
827 3465 980 3516 eruturum.
998 3459 1060 3516 Iar.
1074 3466 1103 3533 2,
1120 3466 1155 3517 4⁶
1168 3470 1250 3545 W

134 3567 181 3624 so.
200 3575 224 3623 a.
253 3567 406 3623 serenares
424 3568 490 3622 ouer
510 3567 656 3636 seruata,
710 3534 818 3657 m
834 3532 1086 3672 ngufigiggog?
1095 3532 1250 3660 m*

97 3641 170 3693 auch
188 3657 244 3694 von
261 3640 327 3694 dem
349 3641 456 3694 altarem
474 3639 581 3693 Plinius
599 3639 657 3693 und
746 3673 795 3730 31·
820 3680 844 3730 1,
871 3674 1034 3743 adpugnare
1055 3672 1096 3731 ist
1116 3690 1171 3731 Μ
1185 3670 1250 3727 'ffl-

97 3709 324 3812 1119119111111111·
424 3799 429 3810 ,
709 3746 765 3810 tea,
784 3746 841 3799 erst
854 3744 885 3798 in
898 3744 953 3799 den
961 3743 1092 3801 Anmlsn
1104 3740 1248 3817 gabron&

133 3804 158 3853 5.
177 3816 209 3852 ru
226 3799 390 3855 bezeichnet
403 3800 448 3853 dre
464 3799 562 3868 Folge,
582 3798 654 3852 also:
708 3816 773 3884 vgl,
792 3822 818 3883 4,
836 3821 879 3870 48,
901 3819 943 3882 15,
964 3820 1006 3869 13,
1257 3834 1262 3839 ·

97 3884 127 3922 so
156 3869 219 3951 dass
247 3871 286 3953 sie
313 3872 362 3925 der
386 3871 456 3924 Zahl
482 3871 556 3925 nach
579 3869 656 3924 einer
744 3893 769 3940 2,
809 3902 864 3956 pro
891 3887 979 3940 mm
1005 3902 1112 3955 „vome
1138 3884 1188 3943 auf
1207 3882 1249 3939 du

96 3940 204 4008 legion
222 3941 426 4008 glerchkamen.
709 3957 851 4025 Manem“,
871 3973 914 4025 ep,
934 3962 977 4013 13.

125 4034 174 4111 ,ἱΙ
195 4031 286 4084 accitu
308 4030 391 4085 sehon
415 4030 459 4084 bei
479 4029 574 4084 Cicero
597 4029 655 4082 und
745 4036 769 4082 5.
780 4029 969 4109 ,transtulerit
987 4026 1065 4084 Uber
1082 4028 1135 4085 das
1148 4028 1252 4097 sempr

96 4100 220 4225 Vlldilsi
237 4173 299 4225 iure
317 4177 442 4240 aperitur
452 4174 501 4226 ctt.
521 4171 654 4225 Derselbe
713 4118 734 4154 s.
745 4098 938 4240 tlilmiipdirdd',
955 4168 1082 4225 namnet
1100 4170 1185 4239 Erde,
1199 4142 1268 4225 vrb·

96 4241 327 4312 Gedankengang
344 4241 391 4296 bei
404 4242 465 4296 Liv.
485 4248 511 4307 3,
531 4248 574 4307 49,
594 4248 609 4295 3
630 4244 655 4296 si
709 4243 760 4296 che
786 4257 878 4310 gegen
902 4240 949 4297 dia
973 4240 1259 4369 Betesligmffl
1290 4290 1293 4295 .

95 4316 156 4368 iure
179 4320 276 4383 ageret,
299 4314 441 4368 uindicare
458 4329 486 4366 se
504 4331 522 4367 α
540 4314 655 4381 priuato
709 4312 814 4368 werten
832 4312 911 4381 wird,
930 4328 961 4367 sc
980 4311 1046 4367 des·
1062 4328 1134 4369 man
1179 4310 1187 4325 “

96 4386 210 4440 Icilium
229 4385 349 4453 aiebant,
368 4386 393 4438 si
410 4385 465 4439 uim
484 4384 593 4451 adferre
612 4400 653 4438 cc·
707 4383 919 4452 hinaufsteigen
937 4382 1021 4438 kann.

1289 1224 1293 1381 l
