2722 4762
421 206 530 260 LIBER
547 206 621 260 XlV.
645 206 723 261 OAP.
742 212 857 261 60-62.

47 354 190 419 militum
224 356 313 439 globi
345 356 531 420 verberibus
564 359 596 418 et
626 357 751 421 intento
783 356 869 421 ferro
892 356 1041 420 turbatos
1065 356 1226 419 disiecere.

27 446 240 527 'mutataque
263 466 345 527 quae
372 466 430 527 per
454 444 645 509 seditionem
668 448 846 528 verterant,
876 448 908 508 et
930 444 1099 528 Poppaeae
1121 443 1227 508 honos

47 532 212 615 repositus
236 538 294 595 est.
340 554 421 616 quae
445 554 571 615 semper
593 534 681 617 odio,
708 537 779 597 tum
803 536 836 597 et
857 536 946 597 metu
970 537 1076 615 atrox,
1103 554 1145 595 ne
1173 535 1230 595 aut

47 621 141 705 vulgi
164 621 268 685 acrior
289 621 338 683 vis
366 621 533 705 ingrueret
561 625 618 685 aut
639 620 728 687 Nero
756 620 967 686 inclinatione
990 621 1102 704 populi
1124 624 1228 684 muta-

47 712 154 791 retur,
176 710 348 792 provoluta
371 710 507 793 genibus
531 710 614 792 eius,
645 732 711 773 non
735 732 772 774 eo
795 710 859 774 loci
882 732 932 774 res
957 732 1031 773 suas
1056 709 1110 793 agi
1133 712 1170 771 ut
1192 709 1231 772 de
1250 728 1284 777 10
1348 760 1351 765 -

47 797 259 862 matrimonio
283 800 397 881 certet,
429 820 624 882 quamquam
651 799 683 862 id
712 799 774 862 sibi
801 798 870 861 vita
892 799 1014 882 potius,
1046 797 1102 861 sed
1124 797 1227 861 vitam

47 886 158 974 ipsam
180 887 216 949 in
239 888 417 949 extremum
441 886 613 950 adductam
636 909 656 950 a
679 887 835 950 clientelis
860 890 892 949 et
915 887 1053 951 servitiis
1068 885 1229 968 Octaviae,

50 995 137 1059 quae
159 974 263 1057 plebis
287 975 350 1038 sibi
372 996 492 1038 nomen
514 975 705 1058 indiderint,
736 997 775 1038 ea
805 976 840 1038 in
867 996 946 1058 pace
978 976 1048 1038 ausi
1071 996 1153 1058 quae
1175 974 1231 1038 vix

46 1062 137 1127 bello
160 1063 331 1127 evenirent.
378 1085 469 1126 arma
491 1062 547 1126 illa
570 1063 723 1128 adversus
746 1063 924 1147 principem
947 1067 1090 1148 sumpta3
1117 1063 1230 1126 ducem

47 1153 182 1215 tantum
206 1151 361 1233 defuisse,
392 1151 447 1234 qui
473 1152 572 1216 motis
595 1153 691 1216 robus
713 1152 807 1216 facile
831 1153 1036 1236 reperiretur,
1068 1151 1231 1216 omitteret
1250 1168 1283 1218 15

47 1239 149 1304 modo
174 1237 386 1322 Campaniam
410 1240 499 1303 etin
521 1241 635 1304 urbem
658 1241 730 1323 ipsa
753 1245 914 1325 pergeret,
938 1240 978 1304 ad
1001 1242 1091 1305 cuius
1114 1243 1231 1302 nutum

49 1328 198 1391 absentis
230 1328 388 1391 tumultus
422 1329 589 1392 cierentur.
644 1330 729 1412 quod
762 1329 907 1413 alioquin
935 1352 1028 1393 suum
1056 1327 1230 1392 delictum?

49 1438 153 1500 quam
176 1416 365 1499 cuiusquam
389 1416 622 1481 offensionem?
655 1440 697 1481 an
726 1417 802 1501 quia
829 1440 940 1482 veram
967 1417 1155 1502 progeniem
1178 1437 1231 1499 pe-

48 1505 183 1569 natibus
199 1503 374 1569 Caesarum
389 1505 504 1568 datura
518 1506 573 1588 sit,
596 1507 693 1568 malle
711 1507 867 1589 populum
880 1506 1064 1571 Romanum
1087 1504 1231 1569 tibicinis

47 1592 207 1677 Aegyptii
232 1594 378 1657 subolem
406 1594 614 1677 imperatorio
642 1594 775 1679 fastigio
803 1595 934 1659 induci?
966 1595 1118 1677 denique,
1147 1594 1175 1656 si
1197 1592 1230 1657 id
1249 1610 1284 1661 20

48 1682 149 1744 rebus
180 1682 351 1765 conducat,
387 1682 493 1745 libens
526 1705 624 1765 quam
656 1687 786 1748 coactus
820 1683 937 1747 acciret
970 1684 1148 1766 dominam,
1179 1682 1231 1746 vel

51 1770 238 1834 consuleret
261 1770 425 1834 securitati
447 1771 534 1834 iusta
557 1772 689 1835 ultione.
740 1775 772 1840 et
789 1772 923 1835 modicis
946 1771 1095 1835 remediis
1110 1770 1231 1852 primos

52 1862 165 1923 motus
190 1859 385 1943 consedisse3
417 1861 452 1922 at
481 1859 509 1921 si
532 1859 702 1941 desperent
724 1881 857 1923 rixorem
880 1858 1021 1925 Neronis
1044 1859 1113 1923 fore
1136 1857 1231 1921 Octa·

53 1946 159 2028 viam,
182 1947 230 2010 illi
252 1947 405 2010 maritum
429 1947 569 2012 daturos.

142 2033 260 2098 Varius
285 2056 389 2098 sermo
413 2038 446 2098 et
469 2035 509 2098 ad
532 2040 655 2100 metum
679 2041 774 2120 atque
797 2037 879 2100 iram
894 2035 1154 2101 accommodatus
1168 2033 1284 2097 ter-'62

49 2123 119 2186 ruit
143 2123 239 2186 simul
263 2124 446 2186 audientem
471 2127 502 2187 et
526 2126 680 2188 accendit.
727 2126 782 2189 sed
804 2148 919 2210 parum
942 2125 1072 2189 valebat
1094 2123 1230 2207 suspitio

50 2212 86 2275 in
110 2233 203 2275 servo
228 2215 261 2274 ct
283 2212 527 2295 quaestionibus
551 2214 741 2277 ancillarum
769 2214 860 2277 elusa
883 2216 960 2277 erat.
1006 2233 1083 2297 ergo
1106 2212 1229 2275 confes-

50 2300 178 2364 sionem
201 2300 336 2363 alicuius
360 2300 470 2383 quaeri
494 2301 612 2385 placet,
635 2302 686 2365 cui
709 2325 816 2365 rerum
840 2325 966 2386 quoque
988 2323 1148 2366 novarum
1172 2301 1231 2364 cri·

49 2409 128 2451 men
158 2388 384 2473 adfingeretur.
441 2391 473 2451 et
500 2391 589 2453 visus
616 2391 750 2454 idoneus
778 2396 944 2455 maternae
971 2391 1059 2454 necis
1086 2393 1266 2473 patratort

48 2476 221 2559 AnicetuS,
245 2477 340 2540 classi
363 2477 449 2559 apud
471 2476 646 2561 Misenum,
668 2482 706 2541 ut
727 2481 917 2563 memoravi,
944 2480 1140 2564 praefectus,
1167 2478 1232 2541 levi

50 2568 129 2648 post
144 2564 320 2628 admissum
334 2566 437 2628 scelus
458 2568 576 2650 gratia,
600 2567 674 2631 dein
690 2569 837 2651 graviore
861 2569 948 2651 odic,
972 2569 1047 2652 quia
1070 2568 1231 2631 malorum

48 2653 234 2717 facinorum
253 2653 395 2717 ministri
414 2655 506 2736 quasi
525 2656 756 2738 exprobrantes
780 2658 987 2740 aspiciuntur.
1032 2656 1132 2741 igitur
1150 2655 1230 2718 acci-

48 2744 122 2804 tum
151 2762 224 2804 eum
247 2740 367 2806 Caesar
390 2763 506 2825 operae
536 2745 653 2827 prioris
682 2744 845 2808 admonet:
879 2746 983 2808 solum
1015 2742 1231 2806 incolumitati

48 2830 207 2913 principis
231 2830 384 2893 adversus
407 2830 616 2895 insidiantem
639 2835 776 2895 matrem
795 2834 996 2915 subvenisse;
1018 2833 1126 2895 locum
1143 2829 1230 2893 haud
1250 2849 1284 2898 10

51 3142 82 3179 er
114 3125 334 3196 Ncubildungen
366 3127 420 3181 wie
454 3130 615 3195 creruulutua

670 3132 733 3184 irim.
777 3130 856 3185 Ovid.
882 3134 947 3184 met.
973 3137 1002 3198 2,
1026 3137 1061 3184 38
1088 3135 1139 3183 tuu
1165 3146 1231 3183 vera

51 3198 217 3262 distinctus,
236 3199 399 3266 dispositae,
423 3215 557 3265 aseensus,
577 3217 615 3253 re·
665 3218 801 3271 propupo.

53 3270 147 3335 latua,
165 3269 306 3322 subuectus
324 3268 404 3322 nicht
422 3270 543 3323 scheute.

91 3345 134 3393 10.
153 3340 269 3406 pertibus
282 3341 353 3393 statt
367 3341 405 3393 ud
418 3356 515 3408 pertua.
545 3340 571 3395 S.
583 3360 616 3394 zu

53 3416 95 3475 11,
118 3415 162 3462 30.
182 3440 215 3447 —
235 3426 264 3463 eo
284 3412 336 3463 loci
354 3429 406 3463 nur
424 3411 615 3478 hierund15‚

53 3487 95 3534 74.
124 3481 214 3533 eodem
233 3482 285 3534 loci
303 3487 328 3549 4,
348 3488 373 3534 4.
411 3480 511 3535 Beides
530 3483 615 3536 sehon

50 3550 97 3603 bei
115 3548 221 3604 Cicero.
241 3582 274 3589 —
295 3553 349 3620 uqi.
377 3551 470 3605 Ueber
487 3552 533 3606 die
548 3556 615 3606 Aus-

51 3620 169 3690 lassung
188 3622 236 3675 der
255 3622 349 3676 Verba
371 3622 484 3676 dicendi
502 3642 522 3679 s.
542 3623 614 3677 Einl.

88 3769 130 3816 13.
163 3764 233 3816 ausi.
285 3763 342 3817 Das
373 3764 513 3818 Neutrum
546 3782 616 3819 orlaa

53 3834 149 3887 wiirde
168 3834 255 3887 kaum
271 3852 304 3886 zu
318 3836 466 3889 verstehen
480 3835 548 3903 sein,
568 3837 616 3890 ob-

54 3903 151 3973 gleich
198 3922 251 3958 rrae
282 3905 465 3974 voraufgeht3
499 3907 615 3961 deshalb

52 3975 90 4028 ist
108 3975 159 4028 das
213 3974 368 4029 asculinum
391 3977 529 4046 gewithlt,
557 3996 614 4031 was

52 4063 100 4099 um
124 4062 155 4099 so
180 4047 246 4099 cher
270 4046 382 4100 erlaubt
404 4047 455 4116 ist,
487 4048 524 4102 da
552 4051 615 4102 ausi

52 4116 135 4171 einen
156 4116 315 4171 Nebensatz
342 4117 440 4173 bildet.
489 4119 514 4172 S.
541 4119 613 4173 Einl.

52 4188 177 4255 §.1c‚b.

88 4265 130 4313 18.
149 4274 242 4312 verum
261 4260 378 4327 ‚,echt“.
423 4259 479 4315 Cic.
499 4261 576 4316 Verr.
597 4268 614 4315 4

53 4334 76 4393 ς.
97 4335 149 4383 147
173 4346 267 4383 cerum
290 4347 323 4384 uc
340 4347 499 4399 perrrruuum
518 4333 614 4387 Metel-

708 3298 750 3345 20.
772 3292 898 3344 iuducere
912 3290 966 3344 mit
980 3291 1044 3344 dem
1059 3289 1146 3344 Dativ
1159 3291 1231 3344 statt

671 3363 701 3413 iu
715 3362 752 3414 ist
765 3361 945 3430 dichterisch,
963 3380 985 3416 a.
997 3361 1027 3417 Β.
1039 3361 1117 3431 Virg.
1129 3360 1230 3429 Georg.

672 3438 695 3499 1,
715 3436 773 3487 316·
795 3450 857 3486 curu
883 3435 964 3500 tiaris
991 3449 1131 3486 errasse-reru
1148 3433 1230 3485 iudit-

671 3508 739 3556 cerct
758 3506 833 3558 aruis
852 3505 981 3572 agricola.

706 3597 748 3644 21.
772 3591 830 3646 Vor
849 3608 931 3660 quoru
952 3590 1025 3643 fehlt
1039 3592 1147 3657 potius,
1175 3588 1229 3642 wie

670 3669 695 3728 3,
712 3669 744 3716 17
763 3664 902 3716 miseratio
921 3678 1002 3729 quau
1022 3662 1130 3713 iuridici
1149 3676 1228 3728 aupe-

670 3734 760 3787 butur.
798 3732 890 3787 Germ.
911 3739 926 3785 6
947 3733 1056 3785 corisilii
1074 3746 1157 3799 quum
1173 3732 1230 3797 sor-

669 3804 783 3857 ruidiuis
808 3804 990 3857 arbitrantur.
1014 3834 1047 3841 —-
1083 3803 1124 3856 uel
1153 3803 1231 3856 steht

669 3874 795 3942 iuraui,
823 3874 877 3928 wie
902 3890 945 3942 cp.
965 3879 1006 3928 35.
1029 3879 1069 3941 13,
1089 3880 1122 3926 41
1146 3876 1187 3927 uel
1205 3874 1231 3927 si

671 3947 876 4014 relinqueretur.

704 4085 752 4139 62.
774 4093 796 4140 1.
834 4088 906 4140 irum
924 4086 983 4140 scil.
1002 4087 1184 4140 excitandum.

705 4180 729 4227 ὁ.
753 4179 885 4241 patrator·
918 4194 970 4229 nur
1004 4175 1065 4229 hier
1092 4175 1149 4227 und
1182 4174 1229 4228 bei

669 4244 799 4299 Avienus.

706 4340 730 4387 6.
749 4338 781 4388 ut
798 4335 957 4401 rameruci,
975 4333 1100 4387 namlich
1118 4350 1160 4402 cp.
1176 4339 1200 4387 3.

1163 194 1226 260 165
1313 256 1318 271 ,
