2722 4762
164 184 227 249 180
482 183 655 239 CORNELII
674 184 799 239 TACITI
816 183 1016 239 ANNALIUM

163 347 244 413 vitia
262 369 360 430 quam
377 346 441 411 hoc
459 347 602 431 adsequi,
619 349 657 410 ut
674 346 784 430 palam
797 346 891 411 fieret
908 345 1029 429 quibus
1047 345 1227 431 flagitiisin

162 457 315 500 essemus.
353 435 409 499 sed
431 435 480 499 illi
503 435 632 520 quidem
651 435 759 500 officio
777 433 883 499 functi
901 437 986 518 sunt,
1009 437 1048 499 ut
1066 437 1195 499 ceteros
1213 456 1227 519 q

120 541 153 589 10
164 524 375 607 magistratus
409 545 467 588 sua
503 524 615 588 munia
651 523 785 605 implere
821 521 934 587 velim:
971 522 1053 586 mihi
1093 525 1205 587 autem

161 611 335 677 honestum
368 613 461 677 silere
483 632 587 696 neque
618 611 769 694 proloqui
792 611 989 695 expeditum,
1017 611 1098 695 quia
1128 630 1196 676 non

163 704 219 766 aut
241 702 402 784 praetoris
427 705 484 765 aut
511 700 653 765 consulis
686 700 792 782 partis
824 699 977 764 sustineo.
1014 699 1121 764 maius
1154 700 1227 782 aliqr

162 790 319 855 excelsius
353 813 373 854 a
404 790 550 874 principe
581 789 779 872 postulatum
803 791 837 851 et
867 809 941 852 cum
970 791 1057 852 recte
1089 788 1227 852 factunm

163 879 298 962 quisquc
322 879 462 963 gratiam
484 878 633 960 trahant,
663 877 760 941 unius
783 876 907 941 invidia
937 876 979 941 ab
1006 876 1159 942 omnibus
1181 898 1227 960 per

120 982 152 1032 15
163 967 240 1053 quid
264 967 350 1031 enim
380 968 522 1051 primum
548 966 720 1050 prohibere
748 969 782 1029 et
808 966 951 1048 priscum
981 965 1022 1030 ad
1049 986 1175 1030 morem
1200 985 1227 1028 re

163 1054 357 1139 adgrediar?
381 1055 574 1119 villarumne
598 1055 727 1118 infinita
746 1053 877 1137 spatia?
899 1053 1098 1119 familiarum
1116 1074 1227 1117 numer

161 1144 335 1208 nationes?
363 1145 492 1228 argenti
520 1147 553 1207 et
580 1144 650 1207 auri
678 1142 828 1226 pondus?
856 1143 941 1206 aeris
968 1141 1217 1224 tabularumque

162 1232 258 1297 cula?
283 1231 463 1315 promiscas
485 1232 564 1296 viris
592 1235 625 1295 ct
647 1231 779 1295 feminis
806 1235 915 1295 vestes
943 1233 1039 1314 atque
1066 1230 1127 1295 illa
1148 1229 1227 1294 femi

164 1319 303 1403 propria,
328 1320 399 1402 quis
422 1320 566 1404 lapidum
589 1341 688 1384 causa
710 1320 867 1403 pecuniae
890 1322 1021 1384 nostrae
1045 1318 1087 1383 ad
1110 1321 1227 1383 externi

119 1423 153 1473 10
162 1407 290 1472 hostilis
313 1412 426 1492 gentes
449 1407 712 1473 transferuntur?
914 1405 918 1412 ’

110 1497 154 1562 54
251 1495 321 1560 Nec
344 1497 458 1580 ignore
477 1497 513 1561 in
532 1497 687 1562 conviviis
710 1499 743 1559 et
765 1496 893 1560 circulis
915 1495 1056 1561 incusari
1073 1495 1141 1560 ista
1158 1499 1227 1559 etu

163 1584 267 1667 posci3
301 1584 357 1649 sed
394 1585 422 1648 si
452 1586 523 1669 quis
553 1586 660 1669 legem
683 1585 825 1668 sanciat,
858 1605 979 1668 poenas
1011 1583 1148 1663 indicat,
1172 1584 1227 1648 ide]

164 1673 329 1738 civitatem
352 1674 445 1758 verti,
468 1673 729 1757 splendidissimo
749 1673 864 1757 cuique
883 1673 1017 1739 exitium
1035 1673 1155 1756 parari,
1176 1693 1227 1736 ner

167 1761 311 1827 criminis
354 1765 517 1846 expertem
554 1762 778 1827 clamitabunt.
824 1762 915 1846 atqui
950 1782 992 1825 ne
1028 1762 1174 1845 corporis
1210 1784 1227 1844 q

130 1851 295 1917 cmcrbos
319 1854 443 1916 veteres
463 1855 496 1916 et
514 1852 568 1916 diu
588 1854 701 1915 auctos
719 1850 784 1914 nisi
806 1871 863 1933 per
886 1849 966 1915 dura
988 1854 1023 1914 et
1044 1870 1161 1933 aspera
1179 1853 1227 1914 coi

165 1944 334 2023 corruptus
358 1939 454 2005 simul
477 1945 511 2004 et
533 1943 717 2023 corruptor,
747 1959 845 2023 aeger
873 1942 906 2003 et
931 1939 1076 2023 flagrans
1104 1938 1227 2002 animus

165 2028 337 2093 levioribus
356 2029 507 2092 remediis
527 2027 777 2113 restinguendus
795 2030 845 2091 est
868 2048 964 2110 quam
982 2025 1175 2091 libidinibus
1194 2048 1227 2090 ar

165 2120 216 2179 tot
238 2138 258 2178 a
280 2116 456 2180 maioribus
480 2121 627 2201 repertae
650 2117 749 2201 leges,
770 2119 823 2180 tet
844 2137 926 2199 quas
949 2116 1041 2180 dirus
1064 2113 1227 2200 Augustus

165 2203 242 2267 illae
266 2204 439 2278 oblivione,
463 2204 537 2283 hae,
562 2204 648 2288 quod
670 2204 863 2290 flagitiosius
892 2207 956 2288 cst,
981 2207 1174 2288 contemptu
1202 2203 1227 2267 al

126 2314 158 2365 10
170 2292 364 2356 securiorem
387 2294 498 2356 luxum
521 2293 634 2359 fecere.
669 2315 748 2357 nam
771 2293 799 2356 si
825 2291 906 2356 uelis
930 2291 1016 2376 quod
1036 2292 1184 2357 nondum
1206 2314 1227 2355 u

166 2383 230 2464 est,
257 2379 371 2444 timeas
404 2403 442 2444 ne
470 2385 592 2464 vetere3
617 2385 652 2446 at
683 2383 712 2447 si
741 2380 907 2464 prohibita
935 2381 1067 2465 impune
1094 2384 1227 2445 mansee:

166 2490 270 2552 neque
294 2474 400 2534 metus
419 2470 507 2533 ultra
524 2492 629 2553 neque
648 2471 752 2555 pudor
770 2471 827 2533 est.
864 2491 922 2534 cur
945 2489 1021 2554 ergo
1046 2469 1125 2534 olim
1143 2469 1227 2553 parsi

167 2556 335 2640 pollebat?
365 2559 440 2641 quia
473 2558 534 2621 sibi
570 2559 704 2642 quisque
736 2557 977 2642 moderabatur,
1009 2557 1086 2642 quia
1117 2558 1214 2622 unius

167 2646 252 2710 cives
290 2667 430 2730 eramus3
467 2668 509 2710 ne
542 2647 753 2712 inritamenta
789 2646 918 2729 quidem
950 2645 1061 2710 cadem
1093 2645 1183 2711 intra
1211 2645 1228 2708 I

204 2791 246 2841 13.
264 2786 319 2840 sibi
338 2787 445 2840 trahere
463 2785 541 2854 „sich
559 2785 725 2857 aneignen“‚
814 2785 863 2842 54.
892 2791 917 2840 3.
936 2784 1006 2838 verti
1024 2784 1096 2838 statt
1112 2785 1227 2854 evertis¹

167 2856 239 2912 auch
263 2858 290 2910 h.
310 2863 335 2924 3,
355 2863 398 2924 33,
422 2856 476 2911 wie
496 2863 520 2925 1,
541 2863 556 2910 2
579 2857 677 2911 munia
694 2858 727 2910 irs
780 2861 823 2910 36.
844 2862 869 2924 2,
887 2861 922 2910 42
942 2855 1000 2909 und
1019 2853 1100 2910 diter.

166 2944 193 2983 ae
215 2929 328 2984 trahere.
366 2927 499 2983 Uebcrall
521 2928 624 2994 selten,
652 2928 725 2982 doch
815 2950 841 3000 4ι
873 2945 952 3014 atqui
969 2942 1023 2997 hat
1040 2942 1107 2997 ΨΜ,
1127 2960 1181 2997 nm
1198 2945 1227 2998 hi

167 2999 282 3053 thulich
300 3000 387 3053 schon
404 2999 464 3054 Liv.
484 3006 509 3068 6,
529 3005 563 3054 40
574 3000 643 3082 ⁸uisi
657 3015 725 3068 par·
779 3015 845 3085 Agr,
859 3020 892 3069 30
908 3013 1227 3084 (naohvermuthungd

167 3075 219 3123 tem
234 3071 349 3137 petendo
367 3075 452 3124 totum
471 3076 599 3124 traxeras.
779 3088 888 3153 nanus),

166 3141 725 3275 ν0010110..1110011111
781 3171 1227 3314 arg-er‘glffleessfflffl‘

167 3280 326 3333 stammten.
357 3285 402 3347 14,
427 3286 462 3333 44
485 3282 611 3334 actiones
634 3282 666 3334 ire
684 3282 726 3347 su·
1012 3336 1025 3348 „
1072 3331 1078 3343 ,

167 3349 252 3403 sarua
274 3351 415 3415 caumas,
443 3352 542 3419 quibus
564 3352 666 3405 arrasa·
687 3353 725 3406 a·-
817 3341 841 3389 8·
879 3334 960 3402 lues,
992 3331 1118 3413 naman
1144 3348 1227 3402 rura

167 3425 221 3487 tes,
244 3425 357 3474 exterma
380 3437 461 3475 sacru
483 3422 726 3477 attrectasset.
781 3405 884 3486 Ᾱΰθθὲῐ
907 3404 957 3458 (¹⁰¹
980 3402 1027 3484 19¹
1046 3401 1139 3485 Opim
1155 3405 1213 3487 83¹?

168 3491 220 3546 ua
245 3491 316 3546 rau
339 3491 388 3544 aer
411 3490 534 3546 Skuven
555 3492 645 3546 benef
667 3493 726 3548 aaa
783 3475 893 3556 Orrhm
907 3475 1023 3556 rauna,
1037 3473 1133 3557 uua
1147 3474 1227 3529 raam

168 3561 215 3618 bei
228 3564 367 3617 munchen
380 3562 524 3618 Besitzcrn
539 3563 589 3617 auf
601 3565 727 3619 mehrere
781 3546 865 3628 nella,
883 3545 1014 3611 Aemlhflr
1032 3545 1128 3626 {mr
1147 3545 1205 3600 ΒΗΘ
1223 3565 1227 3599 ¹

168 3634 324 3689 pangenda
783 3617 845 3672 Zert
861 3616 912 3670 der
929 3615 1080 3684 Repubhk.

205 3710 246 3760 18.
285 3707 438 3774 promiscas
456 3735 490 3744 -
509 3710 599 3759 vestes.
632 3705 726 3760 Unan·
819 3711 861 3758 11.
890 3705 1036 3773 prohibita
1056 3704 1227 3760 transcende

168 3776 282 3845 standig
294 3777 340 3830 fiir
349 3776 465 3831 Manner
475 3793 569 3830 waren
584 3795 616 3829 zu
635 3776 727 3831 dfinne
781 3776 920 3845 Analogia
933 3793 990 3831 ven
1004 3775 1084 3831 Lucr.
1104 3781 1131 3844 3,
1150 3781 1186 3830 00
1203 3781 1227 3830 tr

169 3847 247 3912 (halb
267 3848 485 3918 durchsichtige)
499 3848 556 3901 und
573 3847 728 3902 auffallcnd
781 3849 843 3902 dere
868 3847 948 3914 fineis
972 3847 1053 3902 carris
1089 3843 1158 3900 Men
1180 3847 1227 3901 kar

168 3915 295 3985 gefarbte
314 3918 435 3972 Kleider.
780 3918 857 3972 wohl
889 3916 1012 3972 denken:
1045 3917 1091 3972 ein
1122 3915 1227 3975 Versu

206 3993 247 4040 19.
276 3989 409 4056 lapidum.
437 3989 494 4044 Der
512 3991 600 4044 altere
619 3990 727 4044 Plinius
780 3991 879 4044 treten.

167 4056 255 4112 tanirt
278 4057 323 4112 die
348 4058 521 4130 Smaragden
547 4061 604 4114 und
627 4061 728 4116 Perlen
820 4066 861 4114 13.
889 4059 975 4114 unius
1002 4058 1188 4127 urbiecieee,
1219 4079 1227 4113 1

168 4129 217 4182 der
230 4128 324 4182 Lollia
337 4128 457 4185 Paulina
471 4131 521 4185 auf
532 4138 567 4186 40
581 4131 728 4187 Millionen
782 4131 826 4185 bis
841 4149 888 4184 zur
897 4129 1044 4184 Ertheilun
1079 4129 1129 4185 des
1139 4129 1227 4202 Bdrgr

168 4199 294 4282 §esterna
312 4200 557 4281 und'behauptet
577 4202 640 4258 dass
651 4203 727 4273 jahr-
782 4219 819 4256 an
837 4201 883 4256 die
901 4201 987 4256 ltaler
1004 4147 1136 4270 inlolgo
1153 4201 1227 4258 des]

168 4271 226 4326 lrch
246 4275 297 4324 100
311 4270 458 4326 Mrlhonen
471 4272 516 4326 fiir
529 4273 726 4330 Luxusartikel
781 4271 1032 4343 genossenkriages
1041 4271 1130 4326 durch
1142 4271 1193 4330 die
1206 4275 1227 4329 le

168 4342 241 4397 nach
259 4342 322 4396 dem
343 4341 440 4396 Orient
457 4343 569 4414 gingen.
817 4349 860 4402 14.
888 4344 965 4398 iutra
984 4343 1103 4398 Italiam
1121 4343 1181 4414 au,
1208 4346 1227 4400 d
