2722 4762
320 244 430 299 LIBER
448 245 509 299 ΧΠ.
535 244 614 299 OAP.
638 252 753 300 aa-sv.
1104 238 1146 303 51

106 392 341 459 Britannorum
364 394 545 479 ordinibus,
573 395 658 479 apud
681 416 762 479 quos
784 396 875 460 nulla
897 396 1069 460 loricarum
1092 415 1148 480 ga

98 504 133 547 re
150 483 309 567 tegmina3
333 484 412 547 etsi
433 483 641 548 auxiliaribus
659 484 856 568 resisterent,
880 482 996 570 gladiis
1015 506 1054 549 ac
1071 485 1146 569 pilis

98 572 237 655 riorum,
265 573 293 636 si
319 572 383 637 huc
411 575 584 655 verterent,
613 572 737 656 spathis
761 576 795 636 et
815 573 919 637 hastis
943 571 1147 638 auxiliarium
1166 594 1199 643 la

98 663 209 725 antur.
254 661 342 725 clara
373 683 412 725 ea
442 662 579 726 victoria
609 662 684 744 fuit,
716 664 873 746 captaque
906 683 987 729 uxor
1018 665 1051 726 et
1080 662 1148 726 filia

98 750 120 814 ri
141 749 323 835 fratresque
346 749 382 813 in
404 750 600 814 deditionem
623 751 754 833 accepti.

100 860 144 920 se,
167 841 204 901 ut
226 837 326 902 ferme
348 838 456 902 intuta
480 842 556 902 sunt
579 838 725 921 adversa,
750 861 824 903 cum
845 839 942 903 fidem
966 837 1198 905 Cartiman-36

98 927 208 1011 aginae
225 925 419 1011 Brigantum
441 928 616 1011 petivisset,
639 927 766 991 vinctus
790 949 827 991 ac
850 929 1025 993 victoribus
1048 928 1146 992 tradi-

101 1066 110 1098 ,
137 1038 224 1080 nono
252 1019 327 1098 post
354 1038 441 1081 anno
470 1038 568 1099 quam
590 1016 712 1081 bellum
740 1017 775 1080 in
796 1015 967 1080 Britannia
990 1019 1147 1100 coeptum.

98 1106 173 1167 ama
199 1105 266 1167 eius
295 1107 406 1168 evecta
432 1105 555 1168 insulas
582 1108 615 1169 ct
642 1105 805 1188 proximas
833 1106 1015 1189 provincias
1036 1127 1147 1189 perva-

98 1215 129 1256 er
151 1192 282 1256 Italiam
306 1215 430 1277 quoque
455 1194 677 1258 celebrabatur
700 1194 903 1279 avebantque
926 1195 1043 1276 visere,
1073 1194 1143 1278 quis
1165 1215 1182 1263 5

98 1324 99 1335 η
122 1303 304 1363 perennes
328 1304 404 1365 opes
426 1287 555 1347 nostras
580 1283 763 1365 sprevisset.
807 1304 848 1347 ne
871 1282 995 1348 Romae
1018 1282 1147 1367 quidem

98 1392 115 1433 e
134 1368 282 1435 Carataci
299 1392 419 1435 nomen
438 1374 520 1455 erat3
539 1375 572 1435 et
589 1369 707 1436 Caesar
725 1371 802 1435 dum
821 1393 915 1435 suum
933 1372 1029 1436 decus
1049 1370 1148 1435 extol-

98 1458 166 1522 lidit
185 1459 322 1543 gloriam
341 1460 435 1524 victo.
475 1463 610 1524 vocatus
629 1461 746 1545 quippe
764 1463 802 1524 ut
820 1460 861 1523 ad
879 1459 1005 1544 insigne
1025 1461 1148 1543 specta-

103 1549 255 1630 populus:
280 1551 396 1612 stetere
419 1549 455 1612 in
477 1549 574 1613 armis
593 1550 772 1632 praetoriae
792 1548 940 1613 cohortes
959 1570 1074 1632 campo
1094 1549 1148 1634 qui

106 1637 276 1718 praeiacet.
321 1640 399 1701 tunc
426 1637 648 1703 incedentibus
679 1637 777 1722 regiis
809 1637 965 1702 clientelis
995 1638 1146 1720 phalerae
1166 1657 1200 1706 10

98 1748 103 1825 ‚¹
122 1747 266 1810 quaeque
282 1726 379 1826 bellis
395 1726 535 1828 externis
551 1727 753 1810 quaesiverat
765 1727 922 1809 traducta,
941 1748 1016 1790 mox
1030 1726 1146 1790 fratres

98 1814 320 1966 stlte
341 1818 506 1989 &titt
524 1837 594 1968 tt?
614 1818 1146 1968 tttttsttffitttttt

97 1992 162 2055 rbis
190 1992 441 2056 misericordiam
469 1994 650 2076 requirens,
680 1993 735 2056 ubi
762 1993 917 2056 tribunali
945 1991 1083 2074 adstitit,
1113 1992 1148 2054 in

98 2080 212 2144 nodum
235 2081 360 2144 locutus
385 2085 441 2144 est.
1169 2082 1203 2131 15

98 2169 113 2232 »i
137 2172 257 2252 quanta
276 2170 429 2233 nobilitas
448 2173 481 2233 et
498 2170 631 2235 fortuna
649 2171 729 2234 mihi
746 2169 817 2253 fuit,
839 2172 933 2233 tanta
950 2190 1057 2233 rerum
1075 2189 1147 2252 pro·
1159 2169 1201 2233 37

98 2281 139 2321 un
158 2258 335 2322 moderatio
354 2259 477 2341 fuisset,
497 2260 618 2323 amicus
637 2260 745 2343 potius
764 2259 799 2321 in
816 2258 902 2322 hanc
919 2258 1033 2321 urbem
1052 2280 1148 2343 quam

99 2348 268 2430 venissem,
287 2368 390 2431 neque
405 2347 598 2433 dedignatus
613 2370 709 2431 esses,
729 2347 825 2411 claris
840 2347 1017 2411 maioribus
1033 2351 1148 2431 ortum,

98 2457 118 2499 ‚s
134 2436 284 2519 gentibus
299 2436 539 2518 imperitantem
553 2436 679 2501 foedere
693 2458 806 2520 paoem
820 2437 971 2519 accipere.
994 2457 1148 2519 praesens

100 2546 137 2588 ea
160 2529 196 2588 ut
218 2524 298 2588 mihi
316 2524 474 2607 informis,
498 2526 543 2588 sic
561 2526 622 2589 tibi
640 2526 814 2610 magnifica
833 2527 891 2589 est.
926 2525 1027 2589 habui
1048 2545 1183 2610 equosb

98 2635 183 2677 arma
206 2635 297 2696 opes:
322 2613 398 2696 quid
420 2614 551 2697 mirum,
574 2615 602 2678 si
625 2614 704 2678 haee
727 2614 847 2677 invitus
871 2613 989 2677 amisi?
1020 2613 1149 2677 namsi

98 2702 208 2765 mibus
236 2702 421 2784 imperitare
448 2703 560 2787 vultis,
589 2704 732 2787 sequitur
759 2706 797 2766 ut
824 2723 935 2766 omnes
960 2702 1147 2765 servitutem

98 2894 135 2946 lic
168 2895 283 2962 spatha,
315 2911 370 2948 von
401 2898 533 2964 spateren
624 2902 667 2949 10.
691 2894 850 2963 prosocero
873 2893 927 2947 mit
945 2892 1010 2946 dem
1027 2893 1147 2947 Accusa-

98 2965 272 3019 zellemdfter
281 2966 534 3034 erwahnt,k01nmt
586 2965 629 3019 tiv
647 2966 685 3019 ist
703 2959 751 3019 ἀπ.
772 2962 822 3031 elo.
841 2964 915 3018 nach
933 2964 1071 3033 Analogia
1092 2980 1147 3018 von

98 3038 145 3089 nst
162 3053 219 3090 vor.
587 3038 720 3102 adiacere,
738 3036 860 3089 welches
875 3052 905 3089 so
918 3033 966 3088 bei
979 3033 1075 3088 Livius
1088 3034 1146 3087 und

98 3192 100 3206 ·
131 3177 205 3214 crovio
222 3190 225 3196 ·
243 3168 283 3215 ost
301 3177 375 3214 aas-so
421 3161 465 3214 Da
483 3161 532 3214 der
586 3108 681 3177 Nepos
700 3107 868 3161 V⁰rk⁰mml
1007 3194 1013 3205 ,

98 3203 160 3284 1'1J‚
175 3179 348 3302 gazem&
367 3204 397 3285 3'0
416 3232 453 3285 ist
470 3232 532 3285 hie,
624 3203 665 3250 12.
690 3213 783 3265 preces
801 3198 955 3264 deponeres,
978 3212 1031 3249 vvis
1050 3212 1093 3263 cp.
1114 3202 1147 3249 19

98 3309 209 3356 ,5111'
231 3303 293 3357 Chr,
318 3302 452 3371 gemeint·
491 3303 532 3355 Im
585 3285 664 3337 prece
681 3268 757 3322 laced
775 3268 907 3336 (degeneri.

99 3390 135 3426 cn
163 3374 297 3428 schildert
325 3373 454 3441 Tacitus,
483 3375 533 3427 der
624 3362 665 3409 13·
684 3372 741 3409 Ἀθη
757 3387 788 3395 “
805 3361 903 3438 mli,-
918 3360 968 3409 aul
981 3356 1051 3437 fllast
1064 3371 1150 3423 mille

98 3445 123 3497 :n
139 3443 178 3497 im
193 3445 217 3498 J.
229 3452 262 3499 50
276 3446 360 3510 seut,
376 3444 421 3498 ne
436 3444 531 3513 steig-
587 3459 620 3465 -
639 3444 736 3496 aeque,
762 3445 810 3479 um
833 3426 879 3481 ne
903 3427 1045 3496 Nesatwn
1067 3426 1149 3480 mehr

120 3513 285 3569 Britannien
307 3517 380 3571 noch
403 3515 447 3568 bis
470 3534 532 3569 zum
586 3498 819 3552 hervorzuheben.

98 3588 359 3711 iie4h)1uznu(lfi{]eghrt
372 3588 425 3640 Μή
439 3605 481 3655 ψ’
497 3592 530 3639 41
622 3639 671 3693 37.
700 3647 725 3693 3.
749 3640 895 3707 dedignari
918 3638 955 3692 ist
977 3636 1147 3691 dichterisch

98 3730 122 3782 is
147 3728 196 3782 ille
221 3730 291 3783 statt
316 3730 377 3798 quis
399 3730 446 3782 ille
469 3733 533 3782 esset
586 3712 643 3765 und
666 3710 888 3798 ssasslffiklaflsiflssh,
915 3709 987 3763 auch
1005 3715 1035 3777 2,
1059 3714 1084 3761 2·
1104 3714 1147 3791 3}-

98 3816 149 3853 *ese
168 3798 354 3869 Brachylogie
377 3800 428 3853 hat
452 3799 531 3853 paci.
587 3788 621 3835 45
646 3782 704 3834 und
730 3781 810 3835 efter.
847 3782 878 3833 In
907 3781 956 3834 der
982 3780 1069 3835 Prosa
1093 3782 1148 3833 seit

114 3873 219 3938 zuerst,
244 3871 318 3925 daun
343 3877 388 3937 14,
408 3877 442 3923 22
461 3872 533 3924 barac
589 3852 707 3907 curtius·

98 3943 189 3995 acciae
215 3943 294 3995 (leam
319 3943 453 3995 destinari
478 3959 532 3995 crc—
624 3948 647 3995 5.
683 3955 762 4009 equos
789 3941 863 3993 ciros
891 3942 939 3994 ctt.
980 3939 1046 4010 Vgl.
1079 3940 1147 3996 Sall.

112 4018 146 4066 55
166 4014 302 4081 quidquid
319 4013 429 4066 illudet
443 4014 532 4082 quole·
588 4012 652 4082 Jug.
673 4018 703 4065 51
725 4028 805 4064 armo
822 4013 884 4080 tela,
903 4013 965 4080 equi
982 4013 1046 4067 oiri.
1079 4012 1147 4065 Tac.

102 4084 250 4138 tribuisset.
289 4082 325 4136 So
358 4084 443 4137 sehon
476 4083 531 4137 Cic.
586 4083 652 4137 hist.
678 4088 707 4150 5,
736 4088 770 4135 15
799 4099 878 4137 carno
906 4084 975 4152 equi.
1012 4082 1149 4152 Drciglie-

118 4161 152 4208 22
177 4156 239 4224 quis
256 4156 307 4208 iste
325 4155 382 4209 dies
400 4155 532 4220 alluxerit,
588 4155 666 4223 derig
689 4152 736 4206 bei
754 4153 815 4207 Liv.
835 4160 882 4222 30,
906 4161 938 4208 11
966 4171 1046 4223 equos
1069 4170 1148 4207 araca

587 4227 648 4279 tela,
687 4230 733 4291 35,
758 4230 801 4279 44.
830 4231 878 4293 23,
907 4232 942 4279 24
970 4243 1048 4278 orlaa
1073 4224 1148 4276 ciros

98 4298 152 4351 ber
178 4297 233 4350 den
256 4296 372 4351 Ablativ
395 4313 490 4364 caesapo
513 4314 533 4349 s.
588 4312 675 4365 equos.
696 4301 739 4363 35,
758 4301 794 4348 44
813 4295 959 4350 Graeciam
977 4297 1062 4349 armis
1079 4294 1148 4347 ciris

105 4374 148 4421 35.
590 4369 664 4435 equis
683 4368 821 4435 complere.

899 4457 937 4506 4*
