2722 4762
170 254 232 315 llll
483 256 656 311 CORNELII
679 256 803 311 TAClTI
825 256 1026 311 ANNALIU'M

115 414 156 477 10
254 410 385 474 Accitur
407 408 493 491 legio
516 407 727 489 duodecuma,
755 412 787 470 et
814 406 900 471 unde
926 406 1051 471 famam
1075 408 1165 473 aucti
1188 430 1272 475 exerc

166 500 364 582 speraverat,
391 496 519 579 prodita
541 495 771 579 infrequentia,
799 518 864 579 qua
890 498 1002 559 tamen
1023 496 1162 561 retineri
1184 500 1272 562 casin

166 587 251 651 eludi
274 584 413 649 Parthus
436 587 543 647 tractu
566 583 641 646 belli
665 587 805 665 poterat,
829 585 858 646 si
879 582 981 649 Paeto
1004 588 1063 647 aut
1086 584 1123 649 in
1146 586 1215 650 suis
1237 608 1272 650 au

165 676 279 739 alienis
307 673 451 737 consiliis
480 672 664 735 constantia
690 672 816 736 fuisset.
861 694 973 735 verum
1001 673 1058 737 ubi
1083 695 1104 737 a
1127 674 1207 737 viris
1229 676 1272 738 mi

130 787 146 833 a
165 765 255 828 ribus
275 764 428 827 adversus
447 764 598 845 urgentes
618 781 711 823 casus
730 760 877 824 firmatus
897 764 980 843 erat,
1003 783 1135 845 rursus,
1157 784 1201 827 ne
1220 763 1272 827 alie

165 852 345 916 sententiae
366 850 516 933 indigens
540 848 713 929 uideretur,
736 848 771 911 in
790 849 916 913 diversa
934 871 972 913 ac
990 849 1156 916 deteriora
1174 852 1272 915 transi

166 945 198 1004 et
224 945 302 1004 tunc
329 938 449 1001 relictis
477 937 622 1000 hibernis
649 958 717 1001 non
744 937 867 1001 fossam
895 959 998 1022 neque
1024 938 1151 1003 vallum
1180 940 1254 1023 sibi,

165 1050 300 1112 corpora
318 1031 351 1090 et
369 1048 459 1090 arma
476 1026 511 1088 in
529 1025 658 1088 hostem
677 1025 754 1089 data
771 1026 956 1109 clamitans,
975 1026 1067 1091 duxit
1086 1027 1236 1113 legiones
1254 1052 1272 1113 q

164 1118 287 1200 proelio
312 1118 500 1179 certaturus.
547 1113 660 1176 deinde
684 1114 805 1178 amisso
828 1115 1016 1179 centurione
1039 1116 1074 1179 et
1096 1116 1213 1199 paucis
1238 1140 1272 1180 m

113 1228 146 1275 10
165 1207 238 1288 bus,
263 1226 344 1287 quos
363 1202 504 1266 visendis
523 1202 666 1264 hostium
685 1202 786 1284 copiis
805 1204 1031 1285 praemiserat,
1053 1204 1207 1287 trepidus
1227 1227 1272 1269 rer

164 1294 222 1356 rit.
267 1296 300 1355 et-
327 1292 401 1375 quia
429 1291 535 1352 minus
564 1290 679 1352 ac1iter
706 1289 884 1374 Vologeses
912 1292 1092 1376 institerat,
1120 1314 1210 1357 vana
1236 1316 1272 1357 ru

164 1381 281 1443 fiducia
302 1382 366 1441 tria-
388 1379 479 1441 rnilia
501 1378 615 1440 delecti
638 1377 756 1460 peditis
783 1380 930 1461 proximo
953 1378 1053 1444 Tauri
1075 1381 1157 1465 iugo
1182 1382 1270 1466 impo

164 1490 227 1552 quo
250 1467 424 1530 transitum
446 1467 532 1549 regis
556 1469 714 1549 arcerent,
739 1468 842 1531 alares
866 1490 993 1552 quoque
1016 1468 1227 1551 Pannonios,
1248 1493 1272 1535 r(

164 1557 340 1640 equitatus,
362 1555 398 1617 in
420 1558 512 1637 parte
536 1554 642 1637 campi
664 1555 760 1619 locat.
798 1557 937 1620 coniunx
955 1578 993 1621 ac
1011 1556 1101 1621 filius
1120 1559 1269 1639 castello,

111 1667 144 1714 15
164 1644 377 1708 Arsamosata
399 1665 518 1706 nomon
541 1645 603 1725 ost,
627 1643 742 1725 abditi,
770 1644 846 1707 data
871 1644 905 1707 in
928 1645 1128 1727 praesidium
1151 1647 1272 1713 cohort

164 1734 307 1815 disperso
331 1732 447 1815 milite,
471 1732 582 1814 quiin
605 1753 670 1795 uno
693 1732 824 1796 habitus
853 1754 973 1817 vagum
999 1734 1134 1799 hostem
1161 1758 1272 1819 promp

164 1821 422 1885 sustentauisset.
463 1823 494 1883 et
518 1840 613 1903 aegre
637 1821 839 1902 compulsum
861 1821 982 1905 ferunt,
1004 1826 1042 1886 nt
1063 1822 1248 1889 instantem
1266 1828 1272 1883 t

163 1910 274 1974 buloni
297 1910 461 1972 fateretmu
507 1930 566 1971 nec
590 1930 609 1971 a
633 1906 817 1973 Corbulone
840 1913 1060 1993 properatum,
1090 1930 1157 1995 quo
1181 1913 1272 1997 glisoe

163 1999 224 2062 bus
257 1998 407 2080 periculis
440 1998 537 2060 ctiam
571 1996 706 2061 subsidii
733 1997 804 2061 laus
834 2002 1016 2082 augeretur.
1058 2000 1209 2083 expediri
1235 2006 1272 2065 tn

110 2107 145 2155 20
163 2087 271 2149 itineri
300 2086 429 2169 singula
456 2085 546 2148 milia
574 2106 613 2147 ex
639 2086 744 2149 tribus
767 2086 951 2170 legionibus
974 2090 1007 2151 et
1029 2088 1153 2153 alarios
1178 2092 1272 2174 ooting

164 2178 231 2258 tos,
255 2196 367 2257 parem
390 2195 560 2236 numerum
583 2196 600 2236 e
624 2174 811 2237 cohortibus
834 2176 937 2239 iussit.

112 2263 151 2326 11
254 2263 300 2325 At
319 2261 509 2345 Vologeses,
534 2262 680 2345 quamuis
704 2262 838 2327 obsessa
857 2286 876 2326 a
894 2262 994 2328 Paeto
1017 2264 1137 2329 itinera
1159 2266 1272 2350 hinop

161 2354 233 2413 tatu
256 2350 331 2413 inde
355 2351 460 2432 equite
489 2350 679 2433 accepisset,
710 2351 792 2413 nihil
821 2355 947 2416 mutato
975 2353 1125 2437 oonsilio,
1160 2356 1218 2421 sed
1244 2356 1272 2419 ui

162 2439 259 2501 minis
284 2439 388 2500 alares
412 2438 579 2519 exterruit,
603 2438 799 2521 legionarios
823 2440 968 2523 obtrivit,
990 2463 1056 2505 uno
1080 2444 1214 2507 tantum
1232 2466 1272 2508 cei

161 2528 251 2590 rione
275 2525 442 2608 Tarquitio
467 2524 638 2589 Crescente
660 2528 789 2611 turrim,
815 2528 851 2591 in
874 2551 938 2612 qua
960 2530 1160 2612 praesidium
1183 2532 1272 2617 agita

197 2738 245 2791 10.
271 2744 295 2792 1.
320 2736 400 2790 Nach
415 2736 468 2789 Dio
483 2736 560 2788 ivard
573 2735 677 2789 Paetus
691 2737 721 2789 in
811 2744 853 2791 17.
878 2737 928 2790 Bei
945 2739 1094 2793 tractantem
1111 2738 1152 2795 ist
1169 2742 1265 2796 bostem

156 2802 286 2861 Ῥάνὸεια
305 2825 352 2861 am
369 2808 465 2861 Flussc
484 2807 629 2873 Arsanias,
655 2807 720 2860 dem
774 2808 839 2861 dem
866 2807 932 2862 Vo'
955 2826 991 2863 cn
1021 2825 1056 2863 zu
1088 2816 1242 2881 erganaen,

161 2879 299 2933 ostlichcn
320 2879 479 2946 Hauptarm
507 2878 556 2931 des
584 2877 719 2946 Euphrat,
774 2879 917 2932 schlcchte
965 2885 1042 2948 lirae,
1070 2879 1138 2935 falls
1162 2882 1272 2939 nichte

160 2967 216 3003 von
234 2951 289 3004 den
307 2950 444 3003 Parthern
461 2949 598 3018 belagert.
773 2949 819 3003 ein
838 2950 988 3018 passendes
1007 2950 1188 3021 Substantiv,
1210 2954 1262 3007 wie

196 3027 220 3073 2.
239 3022 432 3089 infrequentia.
458 3019 545 3086 latit,
560 3037 604 3072 wo
619 3036 649 3073 cr
663 3020 718 3073 alle
772 3021 844 3085 derra,
863 3020 1038 3089 ausgefallen
1054 3020 1103 3075 ist

159 3090 292 3159 Truppen
309 3091 448 3159 vercinigt
467 3091 559 3157 hatte,
583 3090 718 3144 erkannte
1143 3102 1148 3110 '

159 3161 208 3214 der
235 3161 323 3214 Feind
349 3163 405 3214 erst
428 3161 510 3213 recht
533 3162 594 3214 ihre
622 3179 717 3216 nume·
808 3162 900 3217 11.1.
928 3162 1064 3230 quaereris,
1084 3162 1132 3217 ein
1149 3164 1265 3221 Factum

158 3230 250 3283 rische
270 3231 429 3283 Schw'ache.
771 3232 936 3301 zeichnend,
964 3234 1017 3286 wie
1043 3239 1090 3301 11,
1115 3240 1151 3290 20
1174 3237 1232 3291 und
1252 3238 1272 3289 ol

195 3307 219 3354 3.
246 3306 338 3353 tractu
364 3300 395 3353 in
423 3301 529 3353 diesem
554 3300 638 3355 Sinna
666 3321 717 3355 nur
772 3303 798 3357 S.
818 3303 891 3357 Einl.
910 3310 932 3369 5.
954 3310 1015 3358 106.

157 3371 219 3424 hier
237 3371 295 3423 und
318 3388 360 3439 cp.
381 3377 415 3424 64
438 3373 556 3424 curante
578 3379 670 3426 tractu
693 3379 718 3427 ct
807 3380 830 3427 2.
849 3375 896 3427 sed
914 3375 991 3428 steht
1008 3390 1081 3427 zuar
1094 3375 1208 3445 logisoh
1220 3376 1272 3431 rich

157 3444 320 3496 lentitudine
337 3443 440 3494 accras.
771 3445 838 3498 aber
856 3444 1110 3513 ungrammatisoh,
1136 3446 1214 3503 donn
1230 3448 1272 3503 ent

194 3520 217 3568 8.
238 3515 318 3582 quast
330 3512 717 3580 ,‚umzu“bczeichnetnicht
771 3514 820 3568 der
852 3518 956 3570 miisste
988 3515 1185 3585 voraufgehen
1217 3523 1272 3573 mut

157 3585 203 3638 die
222 3584 398 3652 schcinbarc‚
422 3583 542 3637 sondern
565 3583 609 3637 dic
633 3585 716 3638 wirk-
770 3588 914 3639 coasiliam
938 3586 1004 3640 oder
1029 3602 1058 3643 es
1076 3591 1187 3645 mdeste
1205 3608 1238 3643 zu
1253 3606 1272 3641 u

156 3655 230 3709 liche
248 3656 381 3709 Absicht:
406 3649 443 3716 ὡς
465 3649 651 3725 μαχούμενος.
688 3656 714 3708 S.
769 3657 853 3709 luae
870 3656 915 3710 ein
929 3655 1034 3710 Partici
1055 3699 1063 3724 ,
1082 3660 1160 3713 etwa
1177 3658 1272 3723 usual

156 3725 229 3780 Einl.
249 3733 272 3791 §-
293 3734 335 3780 95.
768 3726 903 3796 zugefiigt
921 3727 988 3781 sein.
1048 3728 1272 3785 erwandtdamit

193 3802 235 3849 10.
243 3800 423 3863 praecanere,
437 3797 491 3851 wie
504 3800 647 3851 irrcraittcrc
657 3799 714 3850 und
769 3797 863 3851 dicun
883 3798 1082 3853 rammatische
1091 3800 1231 3855 Parataxe
1244 3800 1272 3855 du

155 3867 272 3930 neittcre,
301 3871 357 3921 erst
379 3869 409 3921 in
434 3869 488 3923 dcn
504 3869 639 3925 ¹Annalen
662 3870 715 3923 mit
769 3874 806 3934 et,
826 3888 845 3922 s.
863 3816 938 3922 lint.
957 3874 981 3934 §-
1001 3874 1061 3937 120,
1080 3870 1109 3924 b.

157 3936 220 3989 dem
239 3936 325 3991 Dativ
344 3940 392 3992 des
411 3938 573 3995 Gerundivs.
803 3946 828 3992 3.
856 3939 940 3993 Danu
956 3939 1031 4009 folgt
1048 3939 1096 3995 ein
1114 3940 1269 3999 stimma.

193 4013 234 4059 13.
263 4008 353 4060 alares
372 4010 432 4062 sind
451 4011 547 4064 Reiter
569 4028 624 4064 von
642 4012 714 4064 Bun-
770 4010 833 4063 dass
853 4012 986 4063 celerauit
1003 4028 1037 4064 zu
1054 4012 1154 4079 minsis,
1173 4012 1272 4069 obtrivit

157 4078 350 4147 desgenosscn.
768 4083 797 4133 τί
815 4081 924 4149 gehort.
962 4081 1032 4135 Sehr
1049 4082 1214 4154 nachlltssig
1229 4082 1263 4138 nt

194 4155 233 4203 15.
253 4150 432 4203 Arsamosata
451 4153 501 4220 lag
518 4153 548 4205 in
562 4152 713 4219 derNtthe,
768 4150 1038 4221 Periodenbildung,
1069 4152 1169 4209 indam
1196 4172 1230 4209 an
1254 4170 1272 4207 r.

156 4239 203 4275 am
227 4219 323 4273 linken
348 4218 416 4272 Ufer
441 4220 490 4273 des
516 4222 654 4276 Arsanias.
680 4253 714 4261 -
768 4222 955 4289 Nebcnsatze‚
979 4240 1016 4277 an
1038 4223 1176 4281 einander
1197 4224 1272 4307 gehlh

156 4294 273 4357 cohorte,
297 4290 367 4343 cbcn
385 4307 427 4356 so,
454 4291 506 4344 wie
527 4294 597 4346 oben
616 4296 714 4359 clares,
769 4293 834 4346 dem
851 4293 1024 4362 Hauptsatze
1046 4293 1159 4365 folgen,
1182 4312 1235 4351 wie
1253 4310 1272 4347 n

156 4382 205 4416 aris
224 4362 471 4429 Bundesgcnossen
489 4363 651 4417 bestchend.
769 4381 811 4431 cp.
831 4370 866 4417 45
884 4366 967 4433 irzqccc
984 4381 1043 4418 eam
1056 4368 1197 4433 praedm
1213 4366 1257 4422 ott.
