2722 4762
369 198 478 251 LIBER
496 198 543 253 xl.
572 198 649 253 cAP.
669 204 783 254 ar-sr.
1117 188 1159 253 27

98 370 123 431 1,
147 346 294 448 ¹Vettium
317 346 489 411 Valentem
518 347 703 449 contessum
728 352 763 450 et
789 346 979 449 Pompeium
1006 346 1162 449 Urbicum

98 434 1213 609 Multitudo⁰12111111bttl¹11ll¹11llll¹⁶

98 616 298 712 procurator,
333 613 452 676 Iuncus
482 612 689 697 Vergilianus
733 617 863 678 senator
904 614 1016 679 eadem
1055 634 1162 696 poena

99 790 170 853 olus
193 788 337 853 Mnester
360 791 598 854 cunctationem
622 791 742 873 attulit,
766 790 922 855 dilaniata
944 793 1033 854 veste
1052 788 1214 853 clami-36

98 878 249 960 aspiceret
277 880 445 942 verberum
473 882 584 961 notas,
616 878 874 943 reminisceretur
900 880 1004 962 vocis,
1034 901 1098 962 qua
1126 899 1160 942 se

98 967 161 1029 ium
191 967 288 1031 iussis
312 967 507 1031 Messalinae
535 967 691 1031 dedisset:
723 967 794 1031 aliis
817 968 989 1052 largitione
1013 970 1070 1030 aut
1093 967 1161 1049 spei
1242 993 1246 999 ·

98 1055 222 1138 tudine,
246 1056 307 1119 sibi
322 1077 361 1119 ex
383 1056 575 1120 necessitate
590 1055 731 1141 culpam,
753 1077 813 1120 nee
837 1057 986 1140 cuiquam
1000 1058 1076 1120 ante
1090 1076 1160 1138 per-

98 1166 126 1206 m
157 1143 269 1226 fnisse,
306 1145 334 1207 si
363 1141 460 1208 Silius
484 1166 590 1207 rerum
613 1148 787 1226 poteretur.
833 1148 1031 1209 commotum
1052 1144 1104 1208 his
1128 1147 1195 1211 eto

98 1255 123 1294 n
156 1232 196 1295 ad
226 1233 479 1297 misericordiam
512 1230 684 1297 Caesarem
713 1233 879 1316 perpulere
910 1233 1018 1297 liberti
1046 1254 1088 1298 ne
1110 1235 1161 1296 tot

98 1321 176 1384 ibus
206 1322 283 1386 viris
314 1321 492 1385 interfectis
524 1321 676 1385 histrioni
708 1322 939 1385 consuleretur:
972 1326 1087 1405 sponte
1119 1342 1162 1384 an

100 1432 114 1472 s
139 1413 207 1472 tam
230 1431 351 1494 magna
373 1410 585 1492 peccavisset,
612 1410 693 1473 nihil
722 1410 848 1474 referre.
892 1432 933 1474 ne
959 1410 1070 1474 Trauli
1093 1409 1161 1492 qui-

98 1497 221 1561 lontani
245 1498 362 1582 equitis
381 1498 521 1562 Romani
545 1497 687 1562 defensio
711 1503 840 1581 recepta
862 1502 918 1562 est.
964 1500 992 1563 is
1016 1499 1163 1562 modesta

99 1609 132 1668 a,
166 1586 221 1649 sed
251 1608 384 1669 corpore
414 1587 548 1671 insigni,
583 1587 704 1650 accitus
735 1589 819 1651 ultro
851 1591 1045 1671 noctemque
1074 1587 1161 1650 intra
1180 1606 1214 1655 10

110 1697 129 1738 a
151 1674 327 1739 Messalina
350 1675 560 1758 proturbatus
584 1679 665 1759 erat,
691 1676 824 1758 paribus
847 1676 987 1739 lasciviis
1011 1676 1051 1739 ad
1075 1675 1169 1756 cupi.

118 1766 150 1826 et
172 1764 312 1827 fastidia.
351 1761 462 1827 Suillio
482 1761 662 1828 Caesonino
687 1767 719 1827 et
737 1764 865 1828 Plautio
889 1764 1050 1828 Laterano
1073 1784 1160 1827 mors

98 1852 161 1914 itur
168 1902 177 1935 ,
200 1852 274 1915 huic
289 1853 331 1916 ob
354 1853 462 1935 patrui
481 1852 647 1936 egregium
661 1853 824 1916 meritum:
850 1851 1050 1916 Caesoninus
1073 1851 1160 1915 vitiis

98 1942 148 2004 tus
165 1944 227 2023 est,
241 1944 409 2025 tamquam
423 1941 457 2004 in
471 1941 527 2004 illo
542 1940 728 2005 foedissimo
744 1943 838 2005 coetu
852 1963 968 2023 passus
982 1939 1160 2004 muliebria.

98 2029 209 2091 nterim
237 2028 413 2093 Messalina
439 2028 637 2092 Lucullianis
665 2030 699 2093 in
726 2029 830 2093 hortis
860 2030 1021 2113 prolatare
1049 2029 1158 2111 vitam,
1169 2027 1211 2091 37

101 2138 178 2179 nere
196 2139 321 2201 preces,
344 2117 502 2181 nonnulla
521 2121 628 2200 spect
647 2118 819 2202 aliquando
842 2118 906 2181 ira:
929 2121 1057 2181 tantum
1075 2118 1161 2179 inter

98 2228 128 2268 ra
151 2206 319 2288 superbiae
343 2207 483 2289 gerebat.
530 2206 624 2270 aeni
648 2207 776 2270 caedem
800 2207 867 2270 eius
890 2205 1064 2271 Narcissus
1087 2227 1161 2288 pro·

98 2297 176 2375 sset,
209 2297 349 2358 verterat
379 2295 536 2377 pernicies
564 2295 599 2357 in
628 2298 856 2359 accusatorem.
907 2317 985 2359 nam
1008 2292 1160 2359 Claudius

98 2405 116 2445 n
139 2403 305 2466 regressus
330 2385 362 2445 et
384 2382 583 2465 tempestivis
607 2384 709 2466 epulis
733 2384 905 2467 delenitus,
931 2383 986 2447 ubi
1014 2384 1089 2447 vino
1113 2382 1159 2445 in·
1180 2402 1196 2450 5

128 2471 168 2534 iri
200 2471 289 2534 iubet
323 2472 529 2554 nuntiarique
560 2471 696 2535 miserae
723 2471 799 2556 (hoc
827 2473 912 2536 enim
941 2472 1039 2535 verbo
1067 2493 1161 2535 usum

98 2559 297 2637 )dicendam
331 2559 371 2622 ad
401 2581 532 2623 causam
563 2564 692 2642 postero
722 2561 771 2623 die
796 2561 931 2624 adesset.
991 2560 1076 2643 quod
1105 2559 1161 2622 ubi

98 2670 131 2710 m
154 2652 187 2711 et
209 2648 416 2732 languescere
439 2648 500 2731 ira,
533 2648 635 2712 redire
664 2671 756 2713 amor
787 2672 836 2733 ac,
874 2649 901 2712 si
925 2650 1161 2729 cunctarentur,

98 2759 167 2819 qua
198 2758 264 2800 nox
297 2740 329 2799 et
360 2736 464 2800 uxorii
487 2737 625 2800 cubiculi
657 2738 813 2801 memoria
844 2738 1055 2819 timebantur,
1087 2757 1161 2818 pro-

98 2965 146 3017 edi
164 2963 289 3017 n‘amlich
306 2964 477 3032 pludietorr'i.
639 2970 680 3019 12.
706 2962 799 3017 Ueber
825 2961 940 3016 Suillius
966 2980 988 3015 s.
1012 2980 1046 3014 zu
1071 2978 1114 3030 cp.
1135 2968 1160 3029 1,

600 3036 670 3089 tiber
687 3034 816 3088 Plautius
835 3052 868 3087 zu
888 3050 931 3101 cp.
951 3039 994 3087 30.

98 3111 114 3157 1.
158 3103 250 3158 Ueber
274 3105 328 3158 den
352 3105 547 3173 Schauspieler
638 3112 679 3159 14.
699 3111 838 3174 terraneam
862 3103 916 3157 mit
939 3104 1004 3157 dem
1025 3101 1160 3171 Particip,

98 3194 149 3229 rs.
170 3194 204 3228 zu
223 3192 265 3244 cp.
286 3182 309 3229 4.
340 3208 371 3214 -
399 3177 547 3244 dilaniare,
601 3177 654 3230 wie
675 3184 698 3244 1,
719 3182 742 3230 7.
763 3183 786 3244 6,
806 3182 840 3230 36
859 3175 916 3229 und
935 3174 989 3243 oft,
1008 3174 1095 3228 sehon
1111 3173 1162 3227 bei

98 3246 318 3314 ‚zerfleischen“,
346 3246 384 3299 ist
408 3246 439 3299 in
457 3247 547 3300 dieser
602 3247 707 3302 Livius.

98 3336 154 3386 ung
167 3313 217 3370 ἁπ.
230 3315 294 3385 etp,
309 3318 382 3371 doch
396 3318 452 3386 vgl.
466 3316 546 3371 Ovid.

119 3395 148 3456 9,
174 3394 207 3441 52
236 3389 381 3442 inornatas
407 3389 546 3442 dilaniato
639 3388 687 3442 31.
714 3396 739 3441 2.
783 3403 952 3455 submonere,
979 3386 1103 3441 nttmlieh
1131 3385 1161 3439 in

601 3460 693 3514 cinem
711 3458 791 3512 Brief
807 3475 842 3512 an
861 3458 916 3512 den
934 3458 1040 3511 Kaisar.

98 3531 153 3583 reis.
203 3528 336 3584 Claudius
364 3530 444 3584 hatte
473 3530 545 3584 ohne
636 3537 661 3584 3.
676 3546 827 3598 properare
841 3528 871 3582 in
884 3527 1159 3583 transitiverBedeu·

98 3618 136 3654 em
164 3600 287 3654 Mnester
314 3600 464 3669 befohlen,
497 3601 547 3654 der
601 3603 685 3670 tung,
704 3601 757 3654 wie
778 3606 855 3669 1,56.
875 3606 926 3667 ⁶2,6
941 3599 998 3652 und
1013 3598 1062 3652 oft.
1081 3598 1161 3650 Eben

98 3688 137 3725 na
156 3690 189 3725 zu
207 3672 375 3740 gehorchen.
413 3671 477 3740 Vgl.
493 3670 546 3725 Dio
602 3689 632 3727 so
651 3674 797 3738 festinam·
822 3670 905 3724 beide
924 3670 1018 3723 Verba
1035 3669 1065 3722 in
1085 3668 1161 3722 dem-

118 3743 166 3795 καὶ
195 3744 282 3804 οὑτως
311 3737 441 3803 εἰπόντος
468 3737 545 3814 αὐτῷ
602 3744 699 3797 selben
717 3741 800 3796 Sinne
819 3740 866 3794 bei
884 3739 1031 3808 Dichtern,
1055 3738 1163 3793 Sallust

99 3815 201 3866 ανδίου
225 3807 314 3866 πάνθ’
335 3808 388 3866 ὅσα
407 3807 444 3866 ἂν
462 3831 545 3880 προσ·
601 3815 659 3867 und
679 3813 822 3881 Spatcren.

98 3904 120 3937 u
129 3879 186 3936 ὑπὸ
197 3885 246 3951 τῆς
256 3887 434 3970 Μεσσαλίνης
444 3890 546 3952 ποιεῖν,
637 3891 661 3938 4.
680 3888 797 3937 verterat
810 3881 902 3935 bildet
915 3881 977 3935 eine
991 3881 1162 3951 ungewbhn-

98 3949 167 4024 αὐτῇ
187 3950 289 4016 sinuat
308 3949 389 4008 τοῦθ’
405 3950 453 4008 vrr’
475 3950 547 4008 ἐκεί·
601 3956 675 4009 liche
704 3953 906 4022 Satzstellung,
936 3952 989 4007 wie
1018 3960 1049 4021 1,
1069 3959 1102 4007 23
1129 3952 1163 4005 ni

98 4025 284 4096 ιελευσμένος,
598 4042 714 4095 propere
731 4054 768 4063 —
782 4024 977 4092 pernotuisset,
1000 4024 1075 4077 lauert
1093 4024 1162 4076 erere-l-

99 4099 206 4151 nsulere
220 4098 427 4166 „verschonen“
447 4096 485 4149 ist
498 4114 548 4149 un—
601 4104 657 4151 tam
678 4097 712 4150 ab
732 4096 815 4148 esitio
834 4096 917 4163 lopati
935 4096 1057 4149 aberam.
1094 4092 1161 4147 hist.

98 4168 172 4223 ilich.
602 4174 690 4235 4,18.
728 4165 996 4235 Vgl.Einl.§.103,
1016 4172 1039 4218 1.

98 4246 170 4294 ntra.
204 4238 296 4292 Ueber
311 4239 385 4293 diesc
400 4240 484 4293 Form
498 4239 548 4292 der
638 4245 662 4293 8.
682 4239 853 4306 lanquescere
876 4237 934 4290 und
954 4238 1055 4303 redire,
1074 4234 1161 4287 histo-

98 4311 165 4379 rphe
185 4329 205 4364 s⁴
226 4309 299 4365 Einl.
319 4315 341 4375 ξ.
364 4317 423 4375 116,
443 4328 465 4363 c.
494 4361 498 4367 ,
601 4309 691 4363 rische
711 4307 852 4363 Infinitive
871 4308 911 4361 im
924 4307 1087 4373 Ncbensatz,
1106 4302 1161 4357 wie
