2722 4762
393 210 503 264 LIBER
521 211 555 265 Π.
594 210 671 265 OAP.
691 217 787 265 ‘1-11.
1113 209 1175 272 101

98 363 172 437 tant
195 373 287 458 aquis
319 377 484 457 artemque
508 373 608 437 nandi
632 376 812 456 ostentant,
842 373 964 437 turbati
988 377 1028 437 et¹
1048 373 1177 457 quidam

98 463 118 524 ti
143 464 226 526 sunt.
268 464 405 526 metanti
428 466 535 526 castra
559 459 690 526 Caesari
716 462 980 546 Angrivariorum
1003 461 1138 527 defectio
1159 484 1178 525 a

98 552 309 615 »nuntiatum
337 551 455 615 missus
484 551 557 615 ilico
582 549 755 615 Stertinius
784 573 856 615 cum
884 551 991 635 equite
1019 555 1052 616 et
1075 573 1177 615 arma-

105 640 169 703 levi
192 640 268 725 igne
292 644 325 703 et
347 640 498 704 caedibus
522 639 688 724 perfidiam
712 640 798 704 ultus
821 643 879 704 est.
1188 652 1221 702 15

98 727 235 792 Flumen
253 727 403 812 Visurgis
417 729 582 793 Romanos
598 726 839 812 Cheruscosque
858 729 1071 793 interfluebat.
1109 729 1207 792 eiust)

98 839 140 899 pa
164 839 235 881 cum
259 819 375 881 ceteris
399 818 594 900 primoribus
619 816 785 882 Arminius
808 817 944 900 adstitit,
967 819 1176 901 quaesitoque

98 907 199 969 laesar
221 907 370 985 venisset,
394 911 565 990 postquam
585 907 697 970 adesse
715 928 906 989 responsum
925 909 982 988 est,
1005 910 1041 970 ut
1064 906 1177 969 liceret

111 994 213 1059 fratre
241 995 392 1078 conloqui
420 996 533 1058 ora-vit.
571 998 640 1059 erat
666 995 694 1059 is
727 995 762 1058 in
792 996 932 1060 exercitu
960 999 1176 1079 cognomento

98 1106 140 1166 us,
165 1084 303 1168 insignis
333 1084 395 1147 fide
423 1087 455 1147 et
478 1085 597 1148 amisso
620 1105 678 1167 per
702 1085 818 1148 vulnus
843 1085 935 1149 oculo
963 1084 1076 1169 paucis
1100 1086 1210 1147 antes

98 1195 106 1236 3
136 1173 214 1235 duce
244 1172 383 1237 Tiberio.
421 1178 491 1236 tum
518 1174 710 1256 permissum
738 1195 989 1258 progressusque
1018 1173 1177 1237 salutatur

98 1261 240 1342 mminio,
265 1263 319 1346 qui
343 1262 461 1325 amotis
486 1263 710 1344 stipatoribus,
734 1265 770 1325 ut
792 1263 956 1347 sagittarii
982 1265 1094 1325 nostra
1117 1283 1175 1344 pro

107 1351 256 1432 dispositi
274 1351 484 1414 abscederent
506 1352 659 1434 postulat,
683 1355 715 1414 et
733 1355 906 1436 postquam
925 1351 1070 1435 digressi,
1092 1350 1177 1414 unde

98 1439 265 1502 eformitas
289 1440 353 1503 oris
377 1440 558 1523 interrogat
580 1440 721 1504 fratrem.
758 1440 813 1504 illo
835 1441 943 1504 locum
965 1443 999 1503 et
1017 1439 1176 1523 proelium

98 1531 180 1608 ente,
199 1528 360 1612 quodnam
379 1530 559 1611 praemium
578 1530 752 1611 recepisset
771 1529 916 1613 exquirit.
947 1528 1065 1592 Flavus
1085 1531 1179 1592 aucta
1190 1543 1223 1591 10

98 1616 182 1698 ndia,
201 1622 349 1700 torquem
369 1622 402 1680 et
421 1639 574 1681 coronam
593 1617 721 1700 aliaque
736 1618 889 1681 militaria
909 1618 994 1681 dona
1012 1621 1181 1698 memorat,

98 1708 170 1768 ente
193 1705 341 1769 Arminio
365 1706 441 1769 vilia
465 1706 587 1770 servitii
611 1707 724 1789 pretia.

100 1793 188 1857 Exin
207 1793 324 1857 diversi
343 1794 521 1878 ordiuntur,
545 1795 598 1859 hic
617 1795 873 1879 magnitudinem
891 1794 1081 1876 Romanam,
1105 1815 1181 1876 opes
1194 1793 1235 1857 10

98 1884 162 1945 aris
187 1887 219 1946 et
241 1883 334 1947 victis
358 1904 472 1967 graves
495 1906 629 1966 poenaS,
653 1884 688 1947 in
711 1884 903 1947 deditionem
927 1883 1068 1948 venienti
1090 1905 1182 1966 para-

120 1972 337 2054 clementiam,
374 1993 477 2056 neque
508 1973 678 2057 coniugem
716 1976 748 2036 et
780 1973 882 2036 filium
920 1973 987 2037 eius
1020 1971 1184 2036 hostiliter

98 2062 137 2123 ri:
157 2061 212 2123 ille
231 2061 281 2124 fas
300 2061 433 2144 patriae,
452 2062 634 2125 libertatem
654 2063 782 2144 avitam,
800 2062 974 2145 penetralis
992 2059 1183 2124 Germaniae
1218 2138 1223 2149 ι

123 2153 262 2213 matrem
285 2171 416 2233 precum
441 2151 576 2233 sociam3
604 2172 644 2214 ne
672 2151 928 2234 propinquorum
957 2153 989 2213 et
1016 2148 1217 2231 adfiniumo

98 2260 149 2321 lue
174 2239 280 2322 gentis
304 2260 380 2302 suae
404 2239 549 2303 desertor
572 2243 604 2303 et
626 2239 772 2322 proditor
795 2261 892 2323 quam
914 2239 1090 2321 imperator
1112 2260 1182 2302 esse

98 2330 133 2390 et.
174 2328 330 2410 paulatim
354 2327 427 2391 inde
452 2329 492 2391 ad
515 2328 621 2412 iurgia
650 2329 794 2412 prolapsi
822 2350 885 2413 quo
909 2329 1015 2391 minus
1039 2348 1183 2412 pugnarn

98 2420 221 2479 arerent
252 2438 293 2479 ne
324 2416 456 2480 flumine
493 2417 621 2500 quidem
662 2417 829 2481 interiecto
867 2416 1113 2498 cohibebantur,
1148 2416 1184 2479 ni

98 2505 187 2568 iuius
207 2505 379 2569 adcurrens
398 2506 530 2589 plenum
548 2506 615 2570 irae
639 2527 791 2591 armaque
811 2510 844 2569 et
862 2527 979 2589 equum
997 2509 1183 2589 poscentem

98 2615 148 2657 um
172 2594 373 2657 adtinuisset.
410 2595 601 2658 cernebatur
620 2598 733 2659 contra
751 2594 995 2658 minitabundus
1014 2593 1181 2657 Arminius
1193 2609 1227 2657 10

98 2683 234 2765 liumque
254 2683 460 2766 denuntians3
483 2705 559 2746 nam
577 2684 729 2767 pleraque
747 2683 864 2747 Latino
890 2704 1035 2747 sermone
1054 2682 1182 2746 interia-

98 2775 129 2852 rt,
154 2775 191 2834 ut
214 2772 268 2854 qui
287 2771 443 2835 Romanis
461 2772 495 2835 in
515 2773 630 2836 castris
649 2773 762 2836 ductor
780 2772 984 2855 popularium
1004 2771 1183 2835 meruisset.

99 2858 235 2923 Postero
273 2861 323 2924 die
359 2858 594 2924 Germanorum
626 2862 709 2924 acies
746 2865 838 2925 trans
875 2859 1043 2944 Visurgim
1080 2859 1181 2924 stetit.
1195 2862 1234 2926 11

98 2971 132 3012 ar
156 2949 220 3012 nisi
243 2949 396 3032 pontibus
420 2950 651 3034 praesidiisque
673 2949 825 3032 inpositis
853 2949 929 3013 dare
952 2949 987 3012 in
1009 2949 1182 3012 discrimen

110 3107 351 3174 Aapriuuriorum.
371 3106 572 3162 Hierinsteekt
661 3113 685 3160 8.
710 3112 856 3175 postquam
879 3107 1001 3174 digressi.
1027 3105 1118 3159 Ueber
1136 3104 1181 3158 die

98 3175 298 3230 tehreibfehler
330 3178 397 3231 oder
429 3178 472 3232 ein
504 3179 571 3232 Ver·
625 3178 797 3246 Auslassung
822 3176 871 3230 der
895 3177 1014 3231 Formen
1039 3176 1088 3230 des
1113 3176 1182 3229 Ver-

98 3247 168 3304 .des
183 3248 348 3315 Verfassera
368 3249 441 3302 denn
457 3249 501 3302 die
516 3253 571 3303 An·
625 3249 705 3302 bums
729 3264 783 3303 esse
805 3249 836 3302 in
854 3248 1051 3302 Nebensbtaen
1069 3266 1089 3303 a.
1108 3246 1182 3300 Einl.

98 3318 148 3371 rier
168 3320 299 3373 wohnten
318 3319 374 3374 viel
392 3321 489 3374 weiter
515 3323 571 3374 bst-
626 3325 649 3384 ἓ.
669 3325 711 3373 20.

98 3388 213 3458 janam
232 3390 281 3472 {101
300 3390 404 3472 Wesef·
441 3389 572 3473 fiemeiet
662 3408 709 3464 ro.
743 3415 768 3462 a.
802 3409 899 3477 arram,
917 3407 1042 3462 namuci
1059 3405 1183 3474 isaacus,

99 3461 183 3541 ,WOhl
215 3461 260 3514 dle
289 3463 492 3530 Amllflllassefs
526 3464 572 3516 dle
627 3479 676 3532 der
694 3479 733 3532 im
752 3479 777 3534 J.
797 3485 831 3532 47
850 3497 914 3534 vom
933 3478 1032 3533 Kaisar
1050 3477 1182 3531 Claudius

97 3532 142 3586 1οῧ
156 3548 211 3585 V0¹¹
230 3532 279 3585 der
292 3533 368 3602 ΕΜ,
387 3534 447 3588 ΒᾸΒΟ
467 3552 485 3587 ‘l
498 3539 572 3602 l⁶Y9⁰
626 3569 688 3603 auur
708 3550 801 3619 Kbnig
819 3551 868 3604 der
882 3549 1038 3604 Cheruslrer
1050 3549 1183 3630 gemacht

98 3605 168 3685 len-¹
360 3675 366 3686 ,
626 3621 703 3676 wird.
734 3653 767 3660 -
795 3623 853 3675 eius
875 3621 894 3675 i.
919 3638 941 3674 e.
965 3620 1096 3685 Armini13
1125 3619 1181 3687 vgl.

110 3681 132 3728 1.
156 3677 311 3741 autertluere
330 3675 382 3728 mrt
400 3675 464 3729 dem
484 3676 572 3728 Accu·
628 3699 640 3745 1
671 3698 713 3748 53·

115 3744 169 3798 Wle
187 3746 251 3799 hisi·
271 3752 301 3814 3,
321 3751 336 3799 5
360 3747 418 3799 und
441 3746 487 3800 bei
506 3746 572 3800 Cur·
645 3736 687 3818 ’4.
716 3764 870 3831 penetrales
889 3761 1058 3816 dichterisch
1075 3761 1120 3815 lfir
1134 3778 1183 3830 pe-

117 3815 232 3884 sp'hlefe
252 3817 423 3871 00n⁸lffllf³n
443 3834 472 3871 ³⁰
485 3818 572 3871 inter·
626 3840 714 3903 crates,
733 3835 794 3888 hier
812 3834 857 3888 die
876 3833 1038 3888 nationalen
1058 3833 1164 3888 Gotter.

109 3888 573 4028 ffiggz‘zrewssgdssintffmsssnst
662 3929 687 3978 8.
707 3924 912 3989 cohibebantur,
925 3923 958 3976 ui
967 3953 1000 3963 ·-
1012 3923 1183 3977 adtinuisset.

98 4029 154 4084 nde,
627 3994 691 4064 Vgl.
711 3994 782 4048 Einl.
801 3999 825 4059 ξ.
846 4000 905 4048 103.
926 4000 949 4049 1.

103 4102 264 4168 permissum
282 4101 340 4157 scil,
360 4107 405 4155 est,
425 4101 478 4155 Die
497 4101 573 4155 Bitte
664 4090 705 4136 11.
742 4084 901 4165 interlucere
919 4082 957 4137 ist
975 4083 1004 4136 in
1023 4083 1113 4136 dieser
1131 4082 1184 4164 Be'.

98 4171 226 4225 irminius
244 4173 323 4226 ward
341 4173 476 4242 gewthq
627 4155 752 4224 deutung
771 4154 937 4208 Tacrtersch.
967 4155 1030 4224 Vgl.
1053 4161 1080 4223 1,
1100 4159 1133 4206 23
1152 4170 1184 4205 aa

116 4244 232 4310 ,tipum
255 4244 327 4297 auch
357 4249 403 4311 ῃ,
429 4250 461 4298 16
489 4244 572 4297 ,owie
626 4227 701 4280 laites
720 4241 815 4294 preces
833 4230 858 4279 et
875 4227 965 4279 miuus
983 4226 1164 4279 interiecisset.

98 4312 255 4369 tlassikern.
276 4332 378 4383 -pro
397 4316 475 4383 rapu,
499 4334 520 4369 s,
539 4334 572 4368 zu
664 4310 713 4367 11.
747 4319 771 4369 2.
805 4315 871 4368 darc
894 4316 925 4368 ia
947 4315 1104 4380 discrimen,
1130 4311 1185 4366 wie

98 4389 125 4436 3.
312 4386 314 4389 ’
628 4391 668 4454 12,
689 4391 723 4438 14
740 4402 796 4439 rem
816 4387 845 4439 iu
864 4402 957 4440 casum
975 4387 1048 4440 dore.
