2722 4762
164 228 227 293 126
478 232 651 287 CORNELII
676 230 800 286 TACITI
823 230 1022 285 ANNALIUM

162 409 235 451 cum
259 386 336 449 dato
360 386 454 470 signo
476 405 568 449 ruere
591 386 712 447 tectum
734 382 798 446 loci
823 380 927 447 multo
948 380 1086 463 plumbo
1110 402 1230 467 grare3
1258 405 1266 466 ]

163 496 282 559 susque
315 472 501 557 Crepereius
534 476 567 537 et
598 471 709 536 statim
745 471 948 535 exanimatus
979 474 1037 535 est
1098 468 1266 557 Agrippia¹

162 564 341 629 ⁴Acerronia
372 561 588 627 eminentibus
619 560 695 625 lecti
726 559 905 643 parietibus
937 580 976 623 ac
1004 558 1091 625 forte
1122 559 1266 625 validior

111 676 145 724 10
165 675 261 737 quam
290 655 327 715 ut
357 652 447 715 oneri
469 650 633 733 cederent,
664 651 828 733 protectae
851 652 936 713 sunt.
989 669 1051 713 nec
1084 648 1257 715 dissolutio

162 742 242 826 rigii
274 740 480 825 sequebatur,
514 739 652 803 turbatis
689 738 838 802 omnibus
876 740 909 801 et
940 737 1027 821 quod
1057 736 1209 823 plerique
1238 740 1266 823 ig

163 831 261 893 etiam
293 829 438 894 conscios
470 828 696 912 impediebant.
746 826 851 891 visum
883 825 999 891 dehinc
1029 826 1215 913 remigibus
1245 850 1266 892 u

162 920 197 983 in
232 920 318 983 latus
355 918 510 982 inclinare
547 921 643 1001 atque
675 916 722 979 ita
748 937 866 979 navem
895 915 1117 1001 submergere,
1151 916 1210 981 sed
1239 939 1266 981 n«

162 1008 242 1091 ipsis
269 1010 437 1091 promptus
465 1008 500 1069 in
526 1028 595 1069 rem
623 1004 763 1069 subitam
792 1026 982 1086 consensus,
1014 1004 1129 1069 etalii
1153 1008 1264 1071 contra

112 1120 144 1167 15
162 1098 268 1161 tentes
309 1096 423 1159 dedere
462 1096 651 1159 facultatem
686 1093 819 1157 lenioris
854 1093 889 1156 in
925 1114 1015 1158 mare
1055 1092 1174 1159 iactus.
1231 1116 1266 1159 ve

164 1185 353 1268 Acerronia,
381 1184 588 1268 inprudentia
614 1184 691 1247 dum
718 1203 752 1245 se
771 1181 986 1266 Agrippinam
1009 1203 1080 1245 esse
1103 1184 1206 1267 utque
1228 1184 1266 1247 su‘

164 1274 288 1338 niretur
310 1273 406 1336 matri
428 1272 583 1356 principis
607 1270 765 1353 clamitat,
797 1271 902 1335 contis
935 1273 968 1335 et
988 1270 1087 1335 remis
1110 1274 1145 1335 et
1168 1293 1249 1357 quae

165 1362 327 1427 obtulerat
357 1362 527 1425 navalibus
558 1360 634 1424 telis
664 1359 839 1424 conficitur.
892 1359 1076 1444 Agrippina
1107 1359 1210 1425 silens
1240 1382 1266 1425 er

165 1452 272 1515 minus
309 1450 442 1534 adgnita
476 1450 590 1534 (unum
622 1454 732 1513 tamen
763 1448 880 1511 vulnus
912 1470 1024 1513 umero
1052 1446 1195 1535 excepit)
1225 1472 1266 1513 na

113 1562 147 1609 20
166 1538 281 1602 deinde
311 1560 444 1604 occursu
475 1539 720 1603 lenunculorum
742 1535 917 1601 Lucrinum
943 1537 979 1600 in
1000 1537 1109 1601 lecum
1131 1541 1227 1603 vecta
1246 1560 1266 1601 r.

167 1649 245 1691 suae
267 1627 411 1691 infertur.

135 1720 155 1781 e
253 1716 324 1780 lllic
346 1720 500 1799 reputans
524 1716 595 1780 ideo
620 1737 653 1779 se
676 1714 847 1779 fallacibus
866 1714 983 1778 litteris
1006 1714 1146 1779 accitam
1169 1719 1203 1781 et
1219 1716 1266 1780 hor

165 1806 336 1888 praecipuo
359 1805 519 1888 habitam,
546 1805 695 1889 quodque
722 1804 799 1867 litus
823 1804 913 1867 iuxta
934 1825 1003 1868 non
1024 1804 1132 1869 ventis
1157 1808 1243 1889 acte,

166 1896 251 1958 saxis
276 1894 405 1977 inpulsa
426 1895 519 1958 navis
544 1916 670 1957 summa
693 1892 743 1957 sui
765 1895 856 1975 parte
879 1892 979 1956 veluti
1001 1895 1156 1957 terrestre
1179 1893 1266 1958 mach

165 1987 311 2047 mentum
334 1983 538 2065 concidisset,
563 1983 737 2047 observans
761 1982 859 2045 etiam
877 1981 1075 2045 Acerroniae
1096 2002 1223 2066 necem,
1244 1981 1267 2046 si

131 2094 260 2141 esuum
283 2073 399 2136 vulnus
423 2072 597 2155 aspiciens,
622 2072 727 2135 solum
740 2069 932 2134 insidiarum
953 2069 1132 2135 remedium
1146 2092 1218 2136 esse
1237 2092 1266 2136 se

168 2161 194 2223 si
217 2182 284 2224 non
307 2161 583 2245 intellegerentur,
606 2161 758 2243 misitque
780 2160 933 2223 libertum
954 2158 1154 2243 Agerinum,
1182 2160 1266 2245 quir

166 2250 264 2313 tieret
285 2249 352 2312 filio
376 2249 576 2333 benignitate
613 2248 708 2313 deum
736 2251 768 2312 et
794 2248 927 2312 fortuna
950 2248 1018 2311 eius
1042 2248 1188 2313 evasisse
1210 2270 1266 2334 gra·

167 2359 289 2420 casum,
322 2359 413 2401 orare
445 2341 482 2400 ut
513 2338 659 2421 quamvis
691 2337 834 2421 periculo
867 2336 980 2401 matris
1012 2336 1186 2401 exterritus
1216 2337 1266 2401 ris

167 2447 276 2489 euram
300 2425 453 2509 differret,
478 2425 540 2489 sibi
567 2427 608 2489 ad
631 2448 783 2508 praesens
811 2426 916 2508 quiete
944 2447 1035 2508 opus.
1089 2428 1188 2511 atque
1212 2426 1266 2490 inte

115 2536 148 2582 10
168 2514 338 2578 securitate
361 2514 513 2577 simulata
535 2514 749 2579 medicamina
771 2514 896 2578 vulneri
919 2517 951 2578 et
968 2514 1116 2579 fomenta
1138 2514 1260 2599 corpori

166 2603 270 2685 hibet,
293 2607 524 2666 testamentum
538 2604 734 2667 Acerroniae
757 2603 877 2687 requiri
890 2603 1040 2687 bonaque
1059 2602 1228 2689 obsignari
1240 2604 1266 2666 iu

167 2692 200 2755 id
222 2695 351 2755 tantum
372 2714 438 2756 non
461 2714 519 2776 per
542 2693 790 2757 simulationem.
1170 2688 1176 2695 ’

204 2874 227 2921 7.
247 2884 308 2920 cum
326 2866 379 2919 mit
397 2865 462 2920 dem
480 2866 664 2921 historischen
683 2868 726 2920 In·
779 2867 896 2936 glaubte
924 2866 981 2920 und
1008 2865 1075 2921 weil
1097 2883 1128 2921 es
1152 2868 1266 2923 rathsan

167 2937 266 2991 finitiv.
305 2938 331 2990 S.
346 2937 418 2991 Einl.
437 2943 461 3002 ἕ.
476 2944 518 2991 12.
538 2970 572 2978 -
591 2937 647 2992 Das
663 2938 726 2991 Ein-
781 2936 888 3003 schien,
903 2937 957 2991 den
965 2938 1037 2993 Plan
1051 2938 1266 3009 moglichstwen

168 3014 276 3063 stfirzen
295 3009 345 3063 des
358 3008 527 3063 Baldachins
540 3009 579 3063 ist
592 3009 727 3079 angecrd·
781 3007 983 3063 mitzutheilen.

168 3082 230 3149 net,
253 3098 301 3133 um
319 3080 363 3132 fiir
386 3080 441 3132 den
459 3080 522 3133 Fall
541 3081 590 3133 der
608 3081 727 3135 Meeres·
818 3087 859 3133 16.
878 3081 944 3133 dum
957 3079 987 3133 in
1000 3080 1197 3151 Anastrophe,
1214 3096 1262 3135 nur

168 3151 243 3204 stille
268 3151 313 3203 die
338 3150 520 3220 rerdt'achtige
545 3151 603 3204 und
627 3152 728 3205 immer
780 3151 828 3204 bei
838 3149 960 3204 Tacitus.
987 3148 1266 3222 Anderecenjnnctic

168 3220 523 3292 schwierigeVersenkung
542 3223 590 3275 des
612 3221 728 3275 Schiffes
781 3220 826 3275 die
855 3238 885 3275 er
911 3220 942 3274 in
969 3222 1116 3277 derselben
1139 3221 1264 3291 Stellung

171 3292 342 3345 unterlassen
361 3310 394 3344 zu
411 3291 531 3346 kennen.
780 3293 913 3361 braucht‚
933 3311 953 3347 s.
973 3292 1046 3347 Einl.
1065 3298 1088 3359 5.
1111 3299 1172 3347 117.

205 3370 229 3416 9.
249 3365 369 3430 parietes
397 3362 457 3415 sind
481 3364 526 3418 die
546 3364 660 3418 Lehncn
679 3365 727 3418 des

170 3434 350 3487 Ruhcbettes.
817 3434 846 3489 d.
867 3440 890 3488 3.
933 3434 1024 3488 Ueber
1047 3433 1103 3487 den
1121 3432 1266 3489 Genetivs

208 3512 248 3559 10.
268 3506 410 3559 dissolutio
429 3508 537 3574 0001911
555 3508 631 3560 steht
649 3506 729 3560 nicht
782 3505 854 3558 Einl.
874 3511 896 3570 5.
917 3511 960 3560 42.
980 3536 1013 3543 -
1038 3510 1164 3561 terrestre
1187 3502 1257 3575 „anf

169 3577 199 3630 in
227 3576 427 3645 Widerspruch
454 3576 506 3630 mit
534 3595 576 3645 cp.
601 3585 617 3630 3
650 3580 728 3631 cerices
783 3576 909 3629 Lande“.

167 3665 236 3715 pars
249 3650 309 3716 ipso
328 3650 360 3701 io
375 3649 447 3701 infore·
462 3665 512 3715 per
531 3650 729 3713 coremsoluto,
819 3653 843 3700 5.
873 3648 970 3712 sensit,
1008 3645 1071 3701 eine
1104 3644 1255 3718 conjectu

171 3719 243 3771 denn
271 3737 352 3773 wenn
385 3718 430 3772 ein
458 3718 541 3773 Their
571 3718 728 3785 einstr'irzte,
783 3718 999 3788 Bezzenberger,
1026 3717 1102 3773 fehlt
1127 3718 1159 3773 in
1183 3716 1266 3774 derli

170 3789 728 3859 washierzuntchstbeabsichtigtwird,
784 3789 895 3856 schrift,
920 3789 997 3843 kann
1022 3789 1090 3843 aber
1112 3788 1196 3843 nicht
1214 3788 1266 3845 enti

170 3874 200 3909 so
215 3876 272 3911 war
291 3861 362 3912 auch
378 3861 427 3913 das
443 3860 535 3915 Gunze
554 3861 632 3914 nicht
650 3862 729 3915 mehr
783 3860 903 3914 werden.

170 3927 228 3980 hoil
246 3931 302 3981 und
322 3931 383 3984 fest.
819 3932 1082 4000 1101010900οΜ
1104 3930 1166 3987 scil.
1189 3931 1266 3985 incid·

207 4005 248 4050 11.
267 3999 356 4053 linter
374 4003 468 4067 viqrrori
486 4004 561 4057 kann
580 4020 645 4056 men
664 4003 728 4056 Die·
782 4019 817 4055 sc.
846 4001 890 4055 Sie
905 4003 1002 4057 wollte
1020 4000 1081 4056 sich
1094 4002 1155 4057 also
1174 4002 1266 4057 steller

170 4086 219 4123 ner
248 4069 296 4122 der
315 4070 470 4139 Agrippina
494 4075 551 4127 und
575 4074 647 4128 auch
671 4073 728 4128 ein·
783 4075 818 4127 ob
837 4073 876 4127 sie
894 4073 998 4127 heinen
1017 4072 1161 4127 Verdacht
1179 4074 1260 4145 hege.

170 4142 248 4194 zelnc
262 4140 728 4199 ausderMannschaftverstehen.
821 4151 861 4199 12.
889 4161 946 4199 icoo
968 4161 1022 4213 per
1042 4145 1255 4199 maculatimrem.

171 4213 299 4267 Letzterc
327 4226 422 4292 marcu
448 4213 527 4268 nicht
552 4217 607 4270 alle
636 4217 728 4286 einge-
784 4215 877 4284 weiss,
897 4216 963 4270 dass
976 4214 1017 4270 sie
1030 4214 1178 4270 zurErbin
1192 4216 1266 4299 cinge

171 4285 269 4352 weiht,
295 4282 359 4336 werl
384 4298 449 4334 meu
477 4283 552 4339 ihrer
570 4287 655 4341 Hr'ilfe
682 4285 730 4341 bei
783 4287 835 4355 ist,
860 4288 918 4341 und
944 4286 1006 4341 ihre
1023 4286 1174 4341 Habsucht
1198 4286 1266 4343 trerl

172 4357 221 4410 der
250 4352 401 4425 Operaticn
431 4352 509 4407 nicht
536 4376 568 4409 zu
593 4359 728 4411 bediirfen
784 4378 831 4412 zur
848 4351 1003 4428 sefcrtigen
1021 4358 1266 4429 Beoihergreifuq
