2722 4762
152 232 193 295 16
469 238 641 293 CORNELII
661 238 784 293 ΤΑΟΙΤΙ
803 236 1001 293 aureuma

149 390 331 475 prodidere,
349 412 451 473 neque
470 389 554 454 falsa
571 390 786 474 prompserim
805 392 838 453 et
854 410 931 453 vera
944 388 1077 474 exsequi
1090 387 1203 472 pudet
1237 396 1317 471 post·

151 502 248 563 quarn
272 478 425 562 adolevit,
450 482 591 543 sectator
619 478 799 563 quaestoris
828 478 880 541 eui
901 476 1013 541 Africa
1041 476 1222 563 obtigerat,
1249 476 1317 541 duur

150 568 185 631 in
208 567 325 651 oppido
348 567 527 631 Adrumeto
550 567 661 631 vacuis
688 589 746 650 per
773 566 913 631 medium
935 564 998 630 diei
1020 565 1203 651 porticibus
1226 586 1315 630 seere-

113 660 205 725 stus
228 656 345 741 agitat,
369 656 479 719 oblata
502 656 531 720 ei
555 656 676 739 species
700 655 866 720 muliebris
888 654 975 719 ultra
996 654 1132 719 modum
1149 654 1314 719 humanum

152 748 184 808 et
212 744 322 809 audita
344 748 395 808 est
416 768 479 809 vox
503 748 555 809 ‘tu
582 767 630 825 es,
660 744 757 828 Rufe,
785 745 840 829 qui
866 744 901 807 in
927 743 1012 809 hanc
1039 742 1243 827 provinciam
1265 762 1313 827 pro

151 834 282 899 consule
306 834 435 897 venies?
477 834 536 897 tali
559 835 666 897 omine
690 834 725 897 in
748 855 837 917 spem
862 833 1009 897 sublatus
1033 830 1313 917 degressusquein

150 923 263 986 urbem
286 923 458 1007 largitione
482 922 672 1005 amicorum,
702 922 797 986 simul
820 923 886 985 aeri
908 922 1039 1006 ingenio
1062 924 1269 1006 quaesturam
1287 921 1313 985 et

151 1033 226 1075 mox
248 1012 374 1075 nobiles
397 1012 483 1075 inter
506 1011 694 1075 candidatos
716 1014 901 1094 praeturam
924 1010 1078 1095 principis
1098 1009 1252 1095 suffragio
1267 1006 1311 1073 ad·

99 1122 132 1170 10
153 1101 309 1183 sequitur,
329 1122 401 1164 curn
420 1100 508 1163 hisce
528 1100 633 1164 verbis
652 1099 800 1163 Tiberius
820 1099 956 1163 dedecus
973 1098 1135 1163 natalium
1153 1098 1223 1164 eius
1240 1096 1310 1161 vela·

151 1190 267 1253 visset:
291 1186 437 1253 ‘Curtius
461 1187 564 1252 Rufus
588 1189 714 1252 videtur
736 1189 816 1253 mibi
839 1211 878 1252 ex
905 1210 941 1252 se
963 1191 1083 1251 natus?
1131 1187 1232 1272 longa
1250 1188 1311 1271 post

150 1278 231 1341 haee
249 1280 391 1360 senecta,
414 1281 446 1340 et
465 1277 616 1341 ariversus
637 1278 817 1360 superiores
836 1277 923 1341 tristi
942 1276 1142 1361 adulatione,
1166 1274 1309 1361 adrogans

152 1366 344 1448 minoribus,
367 1366 451 1429 inter
474 1388 567 1448 pares
590 1366 744 1449 difficilis,
768 1367 935 1430 consulare
958 1365 1144 1449 imperium,
1170 1361 1309 1447 triumphi

151 1454 294 1538 insignia
324 1476 361 1517 ae
389 1459 553 1537 postremo
583 1454 727 1519 Africam
758 1455 914 1538 obtinuit;
948 1457 1044 1539 atque
1075 1453 1123 1520 ibi
1156 1452 1307 1517 defunctus

101 1564 135 1611 15
155 1542 254 1606 fatale
277 1543 482 1627 praesagium
505 1544 658 1626 implevit.

98 1632 142 1695 22
241 1630 368 1695 Interea
390 1630 526 1715 Romae,
556 1633 653 1695 nullis
680 1633 790 1715 palam
817 1653 921 1715 neque
949 1630 1089 1716 cognitis
1112 1654 1190 1697 mox
1212 1628 1308 1710 camb,

152 1718 209 1785 On.
232 1718 359 1784 Nonius
383 1743 479 1805 eques
503 1720 668 1785 Romanus
695 1721 781 1785 ferro
811 1722 973 1785 accinctus
996 1720 1155 1803 reperitur
1176 1720 1213 1785 in
1233 1720 1308 1785 aaa

152 1810 350 1873 salutantum
373 1811 560 1894 principem.
605 1832 681 1874 narn
704 1814 878 1893 postquam
900 1808 1073 1874 tormentis
1097 1808 1306 1888 dilaniabatur,

152 1899 190 1961 de
214 1920 247 1961 se
265 1919 332 1962 non
350 1901 504 1966 infitiatus
523 1900 669 1963 conscios
688 1921 755 1963 non
775 1899 886 1981 edidit,
909 1898 1070 1962 incertum
1087 1920 1132 1961 an
1150 1898 1307 1966 occultans

114 2009 134 2057 r,
240 1985 349 2051 Isdem
368 1988 554 2052 consulibus
573 1986 607 2051 P.
625 1986 796 2051 Dolabella
814 1987 940 2051 censuit
962 1986 1183 2070 spectaculum
1205 1984 1308 2071 gladia·

152 2080 259 2140 torum
278 2097 334 2158 per
353 2098 465 2140 omnes
485 2098 587 2140 annos
607 2076 833 2140 celebrandum
859 2075 995 2160 pecunia
1017 2097 1130 2139 eorum
1153 2075 1209 2161 qui
1234 2092 1311 2160 quae

154 2168 277 2227 sturam
292 2164 553 2247 adipiscerentur.
582 2164 666 2247 apud
680 2166 817 2229 maiores
832 2164 961 2229 virtutis
975 2163 1008 2227 id
1021 2164 1204 2247 praemium
1214 2162 1312 2243 aad

154 2252 339 2335 cunctisque
363 2253 489 2335 nivium,
513 2255 541 2316 si
563 2253 658 2317 bonis
679 2255 801 2318 artibus
820 2253 965 2336 fiderent,
987 2252 1114 2317 licitum
1132 2256 1242 2337 petere
1257 2270 1310 2315 ma

155 2341 325 2424 gistratus3
356 2362 393 2404 ae
420 2363 461 2405 ne
490 2345 579 2405 aetas
604 2341 733 2426 quidem
756 2342 1026 2427 distinguebatur,
1054 2342 1133 2427 quin
1154 2342 1257 2427 prima
1274 2338 1311 2402 iu·

99 2432 253 2500 ·10venta
276 2430 478 2492 consulatum
502 2434 534 2493 et
557 2430 732 2494 dictatmas
751 2432 879 2495 inirent.
916 2431 971 2495 sed
990 2434 1178 2515 quaestores
1197 2428 1312 2517 regibus

192 2664 216 2709 a.
236 2621 345 2726 ebseqaa'
363 2659 433 2712 statt
451 2674 595 2726 exponere,
615 2659 669 2713 wie
688 2666 713 2727 3,
768 2675 815 2712 sas
844 2660 1013 2713 blandientes
1039 2658 1228 2728 iaworraptae.
1262 2652 1314 2725 Vgl.

155 2735 198 2783 65.
218 2734 243 2797 4,
258 2735 275 2782 4
288 2729 346 2782 und
360 2729 444 2794 often,
464 2730 536 2783 auch
549 2731 596 2783 bei
610 2730 713 2784 Livius.
768 2729 842 2785 Einl.
861 2735 884 2795 ἓ.
905 2737 947 2785 60.

158 2799 253 2854 Cicero
272 2802 349 2870 sagt:
369 2802 459 2855 verbis
477 2802 593 2869 easeqai.
806 2842 847 2890 15.
866 2837 995 2905 mmm,
1027 2836 1110 2890 ΝΜ
1128 2834 1237 2891 Plinius
1248 2832 1315 2889 hm

191 2904 215 2953 4.
235 2899 420 2952 Adrumetum
439 2899 486 2968 lag
505 2915 541 2952 an
559 2898 609 2952 der
626 2898 714 2951 Ktiste
768 2906 828 2960 ihm
852 2906 898 2961 die
920 2906 1113 2977 Ersoheinung
1136 2907 1209 2963 auch
1231 2904 1313 2961 cainan

155 2968 265 3023 stidlieh
283 2986 338 3024 von
358 2968 506 3040 Carthago.
769 2978 830 3032 Tod
848 2978 1058 3049 verbergesagt.

193 3074 216 3119 7.
236 3068 346 3136 depreda'
364 3067 535 3136 „abgehen“,
554 3068 607 3121 un'e
627 3074 652 3132 2,
672 3074 713 3121 69.

155 3144 182 3206 4,
202 3143 244 3191 73·
805 3155 853 3209 aa.
883 3162 907 3210 5.
934 3154 1077 3210 Cornelius
1099 3155 1251 3211 Dolabella
1269 3166 1316 3207 aar

193 3231 218 3278 9.
237 3227 377 3293 priaeipa's
395 3227 537 3294 saffrapio.
575 3225 631 3279 Der
649 3226 715 3279 Kai-
772 3234 804 3281 10
823 3245 850 3279 n.
872 3225 934 3280 Chr.
955 3225 1069 3295 Consul,
1094 3228 1191 3296 spltter
1213 3226 1315 3295 Ptoprl·

157 3313 201 3349 ser
215 3296 267 3348 abt
281 3296 330 3349 das
344 3295 593 3365 Vorschlagsreeht
605 3297 653 3349 bei
668 3297 716 3350 der
769 3300 815 3351 tor
838 3315 894 3352 von
911 3296 1075 3351 Dalmatien
1097 3298 1156 3351 und
1178 3290 1316 3353 Proanul

155 3365 244 3419 Wahl
262 3366 311 3420 der
329 3367 480 3434 Beamten,
499 3366 545 3420 die
564 3367 618 3420 seit
638 3374 671 3420 14
689 3387 715 3420 n.
770 3386 826 3422 von
843 3368 940 3423 Africa
957 3385 1095 3438 gewesen.
1126 3368 1193 3439 Vgl.
1207 3375 1234 3437 8,
1251 3372 1289 3423 a.

158 3436 222 3491 Chr.
240 3454 306 3491 vom
326 3436 411 3490 Senat
429 3438 575 3507 vollzogen
593 3437 671 3491 wird.
808 3481 832 3527 ,⁰
865 3476 1083 3543 admiscerentur
1111 3475 1138 3529 d·
1160 3474 1189 3529 h·
1215 3473 1260 3529 die
1279 3469 1315 3525 dg

196 3542 237 3589 10.
269 3537 376 3590 natales
403 3536 475 3589 statt
503 3551 599 3603 penas,
632 3537 717 3604 eripe,
771 3545 872 3614 signin
889 3562 992 3600 waren,
1028 3546 1100 3599 Dass
1118 3544 1210 3601 dieser
1222 3544 1316 3610 ΑΜ

158 3608 231 3660 auch
258 3609 324 3677 Agr·
354 3614 369 3661 6
395 3606 460 3660 hitl-
493 3612 530 3687 ‘23
551 3612 598 3671 853
631 3606 719 3660 findet
771 3617 842 3670 auob
862 3633 1066 3686 angenommen
1083 3617 1175 3685 ward,
1193 3616 1263 3687 geht
1277 3626 1316 3669 aut

158 3678 216 3731 sich
236 3681 292 3732 erst
314 3678 368 3732 seit
391 3677 497 3732 Seneca
521 3696 561 3730 nn
579 3677 718 3731 silbernen
771 3687 835 3740 dem
859 3687 971 3741 schlugg
995 3688 1043 3742 des
1072 3687 1113 3743 ca,
1131 3686 1199 3743 itels
1221 3687 1315 3743 hona.

159 3748 267 3802 Latein.
771 3758 859 3812 Unter
877 3759 952 3813 Nero
970 3758 1041 3812 wird
1058 3758 1099 3813 im
1111 3705 1144 3813 l.
1159 3765 1194 3815 54
1212 3758 1262 3814 das
1275 3754 1316 3811 de·

201 3842 241 3888 12.
274 3839 349 3890 rasa
387 3837 639 3906 „unheilbringend
673 3837 718 3890 far
771 3830 828 3883 setz
846 3829 1124 3899 mmckgenommen·

159 3906 301 3974 Andere“,
339 3908 391 3961 wie
423 3925 518 3963 saeuae
545 3909 718 3963 adulationes
808 3942 832 3989 9·
864 3953 898 3989 „3
930 3941 1006 3990 aeta,
1038 3938 1149 4005 ,uidem
1176 3938 1226 3993 „gg
1263 3931 1317 3989 gns

160 3983 186 4045 4,
205 3982 248 4029 2⁰·
772 4006 1317 4063 durchdiezeaVaaawardimJ.1u

198 4080 239 4127 13.
267 4073 323 4126 Der
345 4074 431 4128 Dativ
453 4078 605 4131 uelitaribus
629 4093 717 4131 corre·
772 4077 876 4132 qur.
895 4078 1052 4147 bestimmt,
1071 4079 1205 4135 duosam
1221 4072 1317 4133 Barla

160 4144 288 4214 spondirt
304 4145 358 4198 mit
375 4146 424 4199 dor
434 4146 610 4216 Prtposition
625 4149 717 4202 adra·
772 4148 848 4217 dung
867 4148 941 4203 eines
959 4150 1058 4204 Amtes
1076 4150 1220 4205 entweder
1234 4154 1265 4205 10
1276 4142 1318 4201 ni·

160 4233 220 4285 scas,
244 4215 297 4269 wie
318 4222 363 4284 15,
382 4222 416 4270 48
436 4218 607 4285 tarpitiaueaa
626 4220 718 4273 adaer-
772 4220 915 4273 littrisehe
934 4220 1117 4291 Dienstjabre
1135 4222 1204 4277 oder
1220 4220 1268 4276 das
1283 4220 1318 4273 td.

160 4304 207 4342 sas
227 4288 326 4342 amicos
345 4292 369 4340 et
388 4288 490 4355 epactis
510 4305 620 4357 qaoque.
653 4289 718 4343 hist.
773 4291 944 4359 Lebensjahr
958 4290 1202 4349 erforderlichsei.
1216 4287 1318 4361 -qm'fl

163 4368 187 4429 1,
202 4365 235 4414 35
254 4359 425 4415 miaeaatibas
444 4360 606 4426 intrepidas,
625 4362 719 4415 adeer-
773 4363 843 4416 statt
855 4364 908 4417 sed.
938 4361 965 4417 S.
980 4361 1052 4417 Einl.
1067 4368 1090 4431 ᾗ.
1105 4370 1149 4421 99.
