<?xml version="1.0" encoding="UTF-8"?>
<!DOCTYPE html PUBLIC "-//W3C//DTD XHTML 1.0 Transitional//EN"
    "http://www.w3.org/TR/xhtml1/DTD/xhtml1-transitional.dtd">
<html xmlns="http://www.w3.org/1999/xhtml" xml:lang="en" lang="en">
 <head>
  <title>
</title>
<meta http-equiv="Content-Type" content="text/html;charset=utf-8" />
  <meta name='ocr-system' content='tesseract 3.04.00' />
  <meta name='ocr-capabilities' content='ocr_page ocr_carea ocr_par ocr_line ocrx_word'/>
</head>
<body>
  <div class='ocr_page' id='page_1' title='image "./dieannalendesta00tacigoog_0560.png"; bbox 0 0 2722 4762; ppageno 0'>
   <div class='ocr_carea' id='block_1_1' title="bbox 372 234 1179 300">
    <p class='ocr_par' dir='ltr' id='par_1_1' title="bbox 372 234 1179 300">
     <span class='ocr_line' id='line_1_1' title="bbox 372 234 1179 300; baseline 0.006 -5"><span class='ocrx_word' id='word_1_1' title='bbox 372 240 483 295; x_wconf 77' lang='lat' dir='ltr'>LIBER</span> <span class='ocrx_word' id='word_1_2' title='bbox 500 241 573 297; x_wconf 78' lang='lat' dir='ltr'>XVI.</span> <span class='ocrx_word' id='word_1_3' title='bbox 597 240 676 297; x_wconf 85' lang='lat' dir='ltr'>cAP.</span> <span class='ocrx_word' id='word_1_4' title='bbox 696 248 809 297; x_wconf 84' lang='lat' dir='ltr'>ao-aa.</span> <span class='ocrx_word' id='word_1_5' title='bbox 1114 234 1179 300; x_wconf 83' lang='grc'>239</span> 
     </span>
    </p>
   </div>
   <div class='ocr_carea' id='block_1_2' title="bbox 98 390 1273 2599">
    <p class='ocr_par' dir='ltr' id='par_1_2' title="bbox 98 390 1273 2599">
     <span class='ocr_line' id='line_1_2' title="bbox 98 390 1217 477; baseline 0.004 -23"><span class='ocrx_word' id='word_1_6' title='bbox 98 391 141 455; x_wconf 84' lang='lat' dir='ltr'>ios</span> <span class='ocrx_word' id='word_1_7' title='bbox 165 391 255 473; x_wconf 90' lang='lat' dir='ltr'>deos,</span> <span class='ocrx_word' id='word_1_8' title='bbox 282 392 390 456; x_wconf 91' lang='lat' dir='ltr'>nullas</span> <span class='ocrx_word' id='word_1_9' title='bbox 414 391 614 474; x_wconf 75' lang='lat' dir='ltr'>devotiones,</span> <span class='ocrx_word' id='word_1_10' title='bbox 636 412 695 455; x_wconf 89' lang='lat' dir='ltr'>nec</span> <span class='ocrx_word' id='word_1_11' title='bbox 719 391 806 456; x_wconf 89' lang='lat' dir='ltr'>aliud</span> <span class='ocrx_word' id='word_1_12' title='bbox 828 390 1010 457; x_wconf 83' lang='lat' dir='ltr'>infelicibus</span> <span class='ocrx_word' id='word_1_13' title='bbox 1033 394 1179 477; x_wconf 89' lang='lat' dir='ltr'>precibus</span> <span class='ocrx_word' id='word_1_14' title='bbox 1199 416 1217 466; x_wconf 81' lang='lat'><strong>5</strong></span> 
     </span>
     <span class='ocr_line' id='line_1_3' title="bbox 98 478 1180 565; baseline 0.006 -25"><span class='ocrx_word' id='word_1_15' title='bbox 98 480 155 544; x_wconf 86' lang='lat' dir='ltr'>:avi</span> <span class='ocrx_word' id='word_1_16' title='bbox 179 501 276 563; x_wconf 92' lang='lat' dir='ltr'>quam</span> <span class='ocrx_word' id='word_1_17' title='bbox 299 484 336 543; x_wconf 89' lang='lat' dir='ltr'>ut</span> <span class='ocrx_word' id='word_1_18' title='bbox 357 479 444 544; x_wconf 91' lang='lat' dir='ltr'>hunc</span> <span class='ocrx_word' id='word_1_19' title='bbox 468 480 625 563; x_wconf 87' lang='lat' dir='ltr'>optimum</span> <span class='ocrx_word' id='word_1_20' title='bbox 648 483 773 562; x_wconf 88' lang='lat' dir='ltr'>patrem</span> <span class='ocrx_word' id='word_1_21' title='bbox 795 482 845 564; x_wconf 89' lang='lat' dir='ltr'>tu,</span> <span class='ocrx_word' id='word_1_22' title='bbox 869 478 1001 563; x_wconf 83' lang='lat' dir='ltr'>Caesar,</span> <span class='ocrx_word' id='word_1_23' title='bbox 1029 503 1101 564; x_wconf 84' lang='lat' dir='ltr'>vos,</span> <span class='ocrx_word' id='word_1_24' title='bbox 1123 504 1180 565; x_wconf 91' lang='lat' dir='ltr'>pa·</span> 
     </span>
     <span class='ocr_line' id='line_1_4' title="bbox 111 568 1181 655; baseline 0.003 -23"><span class='ocrx_word' id='word_1_25' title='bbox 111 568 281 632; x_wconf 84' lang='lat' dir='ltr'>servaretis</span> <span class='ocrx_word' id='word_1_26' title='bbox 305 568 507 632; x_wconf 90' lang='lat' dir='ltr'>incolumem.</span> <span class='ocrx_word' id='word_1_27' title='bbox 546 568 592 633; x_wconf 91' lang='lat' dir='ltr'>sic</span> <span class='ocrx_word' id='word_1_28' title='bbox 611 588 756 653; x_wconf 87' lang='lat' dir='ltr'>gemmas</span> <span class='ocrx_word' id='word_1_29' title='bbox 776 572 809 632; x_wconf 88' lang='lat' dir='ltr'>et</span> <span class='ocrx_word' id='word_1_30' title='bbox 826 571 932 633; x_wconf 84' lang='lat' dir='ltr'>vestes</span> <span class='ocrx_word' id='word_1_31' title='bbox 956 572 988 632; x_wconf 88' lang='lat' dir='ltr'>et</span> <span class='ocrx_word' id='word_1_32' title='bbox 1010 569 1181 655; x_wconf 72' lang='lat' dir='ltr'>dignitatis</span> 
     </span>
     <span class='ocr_line' id='line_1_5' title="bbox 98 656 1181 742; baseline 0.003 -23"><span class='ocrx_word' id='word_1_33' title='bbox 98 658 150 719; x_wconf 91' lang='lat' dir='ltr'>nia</span> <span class='ocrx_word' id='word_1_34' title='bbox 173 656 260 739; x_wconf 90' lang='lat' dir='ltr'>dedi,</span> <span class='ocrx_word' id='word_1_35' title='bbox 288 678 350 739; x_wconf 92' lang='lat' dir='ltr'>quo</span> <span class='ocrx_word' id='word_1_36' title='bbox 378 657 475 721; x_wconf 91' lang='lat' dir='ltr'>modo</span> <span class='ocrx_word' id='word_1_37' title='bbox 506 657 533 719; x_wconf 91' lang='lat' dir='ltr'>si</span> <span class='ocrx_word' id='word_1_38' title='bbox 557 656 748 741; x_wconf 86' lang='lat' dir='ltr'>sanguinem</span> <span class='ocrx_word' id='word_1_39' title='bbox 772 660 804 720; x_wconf 87' lang='lat' dir='ltr'>et</span> <span class='ocrx_word' id='word_1_40' title='bbox 825 657 927 721; x_wconf 85' lang='lat' dir='ltr'>vitam</span> <span class='ocrx_word' id='word_1_41' title='bbox 949 658 1181 742; x_wconf 76' lang='lat' dir='ltr'>poposcissent.</span> 
     </span>
     <span class='ocr_line' id='line_1_6' title="bbox 98 744 1227 830; baseline 0.004 -23"><span class='ocrx_word' id='word_1_42' title='bbox 98 745 147 808; x_wconf 91' lang='lat' dir='ltr'>int</span> <span class='ocrx_word' id='word_1_43' title='bbox 165 744 233 827; x_wconf 88' lang='lat' dir='ltr'>isti,</span> <span class='ocrx_word' id='word_1_44' title='bbox 257 745 393 809; x_wconf 88' lang='lat' dir='ltr'>antehac</span> <span class='ocrx_word' id='word_1_45' title='bbox 412 744 493 807; x_wconf 90' lang='lat' dir='ltr'>mihi</span> <span class='ocrx_word' id='word_1_46' title='bbox 510 745 632 829; x_wconf 86' lang='lat' dir='ltr'>ignoti,</span> <span class='ocrx_word' id='word_1_47' title='bbox 656 767 720 828; x_wconf 88' lang='lat' dir='ltr'>quo</span> <span class='ocrx_word' id='word_1_48' title='bbox 738 745 870 809; x_wconf 92' lang='lat' dir='ltr'>nomine</span> <span class='ocrx_word' id='word_1_49' title='bbox 893 746 971 829; x_wconf 89' lang='lat' dir='ltr'>sint,</span> <span class='ocrx_word' id='word_1_50' title='bbox 995 768 1075 830; x_wconf 91' lang='lat' dir='ltr'>quas</span> <span class='ocrx_word' id='word_1_51' title='bbox 1094 750 1180 811; x_wconf 88' lang='lat' dir='ltr'>artes</span> <span class='ocrx_word' id='word_1_52' title='bbox 1223 786 1227 795; x_wconf 92' lang='lat'>·</span> 
     </span>
     <span class='ocr_line' id='line_1_7' title="bbox 101 833 1237 916; baseline 0.002 -20"><span class='ocrx_word' id='word_1_53' title='bbox 101 836 192 896; x_wconf 87' lang='lat' dir='ltr'>eant:</span> <span class='ocrx_word' id='word_1_54' title='bbox 220 833 311 897; x_wconf 90' lang='lat' dir='ltr'>nulla</span> <span class='ocrx_word' id='word_1_55' title='bbox 334 833 414 896; x_wconf 90' lang='lat' dir='ltr'>mihi</span> <span class='ocrx_word' id='word_1_56' title='bbox 437 834 592 916; x_wconf 89' lang='lat' dir='ltr'>principis</span> <span class='ocrx_word' id='word_1_57' title='bbox 615 834 737 898; x_wconf 89' lang='lat' dir='ltr'>mentio</span> <span class='ocrx_word' id='word_1_58' title='bbox 761 834 825 897; x_wconf 89' lang='lat' dir='ltr'>nisi</span> <span class='ocrx_word' id='word_1_59' title='bbox 847 834 932 898; x_wconf 90' lang='lat' dir='ltr'>inter</span> <span class='ocrx_word' id='word_1_60' title='bbox 954 835 1089 898; x_wconf 91' lang='lat' dir='ltr'>numina</span> <span class='ocrx_word' id='word_1_61' title='bbox 1110 835 1180 899; x_wconf 85' lang='lat' dir='ltr'>fuit.</span> <span class='ocrx_word' id='word_1_62' title='bbox 1200 858 1237 906; x_wconf 84' lang='lat'>10</span> 
     </span>
     <span class='ocr_line' id='line_1_8' title="bbox 98 922 1180 1007; baseline 0.003 -24"><span class='ocrx_word' id='word_1_63' title='bbox 98 925 244 984; x_wconf 86' lang='lat' dir='ltr'>ttamen</span> <span class='ocrx_word' id='word_1_64' title='bbox 267 922 466 985; x_wconf 84' lang='lat' dir='ltr'>miserrimus</span> <span class='ocrx_word' id='word_1_65' title='bbox 490 925 583 1004; x_wconf 90' lang='lat' dir='ltr'>pater</span> <span class='ocrx_word' id='word_1_66' title='bbox 606 926 650 1004; x_wconf 86' lang='lat' dir='ltr'>et,</span> <span class='ocrx_word' id='word_1_67' title='bbox 675 923 702 985; x_wconf 91' lang='lat' dir='ltr'>si</span> <span class='ocrx_word' id='word_1_68' title='bbox 726 923 847 986; x_wconf 83' lang='lat' dir='ltr'>crimen</span> <span class='ocrx_word' id='word_1_69' title='bbox 867 927 928 1005; x_wconf 89' lang='lat' dir='ltr'>est,</span> <span class='ocrx_word' id='word_1_70' title='bbox 953 923 1022 986; x_wconf 90' lang='lat' dir='ltr'>sola</span> <span class='ocrx_word' id='word_1_71' title='bbox 1040 922 1180 1007; x_wconf 70' lang='lat' dir='ltr'>deliqui?</span> 
     </span>
     <span class='ocr_line' id='line_1_9' title="bbox 98 1009 1235 1095; baseline 0.003 -22"><span class='ocrx_word' id='word_1_72' title='bbox 98 1009 272 1093; x_wconf 76' lang='lat' dir='ltr'>Loquentis</span> <span class='ocrx_word' id='word_1_73' title='bbox 297 1010 401 1074; x_wconf 84' lang='lat' dir='ltr'>adhuc</span> <span class='ocrx_word' id='word_1_74' title='bbox 424 1011 523 1074; x_wconf 89' lang='lat' dir='ltr'>verba</span> <span class='ocrx_word' id='word_1_75' title='bbox 545 1010 666 1093; x_wconf 87' lang='lat' dir='ltr'>excipit</span> <span class='ocrx_word' id='word_1_76' title='bbox 684 1009 827 1074; x_wconf 78' lang='lat' dir='ltr'>Soranus</span> <span class='ocrx_word' id='word_1_77' title='bbox 850 1012 1091 1095; x_wconf 78' lang='lat' dir='ltr'>proclamatque</span> <span class='ocrx_word' id='word_1_78' title='bbox 1113 1013 1235 1077; x_wconf 80' lang='lat' dir='ltr'>n0n32</span> 
     </span>
     <span class='ocr_line' id='line_1_10' title="bbox 119 1098 1182 1183; baseline 0.003 -22"><span class='ocrx_word' id='word_1_79' title='bbox 119 1099 154 1161; x_wconf 90' lang='lat' dir='ltr'>in</span> <span class='ocrx_word' id='word_1_80' title='bbox 176 1099 377 1180; x_wconf 87' lang='lat' dir='ltr'>provinciam</span> <span class='ocrx_word' id='word_1_81' title='bbox 401 1120 508 1162; x_wconf 92' lang='lat' dir='ltr'>secum</span> <span class='ocrx_word' id='word_1_82' title='bbox 532 1099 723 1183; x_wconf 87' lang='lat' dir='ltr'>profectam,</span> <span class='ocrx_word' id='word_1_83' title='bbox 746 1121 813 1163; x_wconf 91' lang='lat' dir='ltr'>non</span> <span class='ocrx_word' id='word_1_84' title='bbox 831 1098 946 1163; x_wconf 90' lang='lat' dir='ltr'>Plauto</span> <span class='ocrx_word' id='word_1_85' title='bbox 965 1121 1024 1182; x_wconf 90' lang='lat' dir='ltr'>per</span> <span class='ocrx_word' id='word_1_86' title='bbox 1041 1103 1182 1164; x_wconf 88' lang='lat' dir='ltr'>aetatem</span> 
     </span>
     <span class='ocr_line' id='line_1_11' title="bbox 120 1187 1181 1270; baseline 0.003 -21"><span class='ocrx_word' id='word_1_87' title='bbox 120 1188 277 1270; x_wconf 86' lang='lat' dir='ltr'>potuisse,</span> <span class='ocrx_word' id='word_1_88' title='bbox 300 1209 366 1250; x_wconf 90' lang='lat' dir='ltr'>non</span> <span class='ocrx_word' id='word_1_89' title='bbox 386 1187 574 1251; x_wconf 88' lang='lat' dir='ltr'>criminibus</span> <span class='ocrx_word' id='word_1_90' title='bbox 592 1188 701 1251; x_wconf 85' lang='lat' dir='ltr'>mariti</span> <span class='ocrx_word' id='word_1_91' title='bbox 719 1209 888 1252; x_wconf 86' lang='lat' dir='ltr'>conexam:</span> <span class='ocrx_word' id='word_1_92' title='bbox 912 1188 1031 1252; x_wconf 85' lang='lat' dir='ltr'>nimiae</span> <span class='ocrx_word' id='word_1_93' title='bbox 1053 1191 1181 1252; x_wconf 88' lang='lat' dir='ltr'>tantum</span> 
     </span>
     <span class='ocr_line' id='line_1_12' title="bbox 98 1275 1273 1361; baseline 0.003 -23"><span class='ocrx_word' id='word_1_94' title='bbox 98 1275 139 1338; x_wconf 89' lang='lat' dir='ltr'>tis</span> <span class='ocrx_word' id='word_1_95' title='bbox 162 1297 251 1338; x_wconf 90' lang='lat' dir='ltr'>ream</span> <span class='ocrx_word' id='word_1_96' title='bbox 276 1279 477 1358; x_wconf 73' lang='lat' dir='ltr'>separarent,</span> <span class='ocrx_word' id='word_1_97' title='bbox 501 1278 596 1360; x_wconf 88' lang='lat' dir='ltr'>atque</span> <span class='ocrx_word' id='word_1_98' title='bbox 620 1277 690 1359; x_wconf 90' lang='lat' dir='ltr'>ipse</span> <span class='ocrx_word' id='word_1_99' title='bbox 714 1298 947 1361; x_wconf 89' lang='lat' dir='ltr'>quamcumque</span> <span class='ocrx_word' id='word_1_100' title='bbox 962 1279 1083 1342; x_wconf 86' lang='lat' dir='ltr'>sortem</span> <span class='ocrx_word' id='word_1_101' title='bbox 1106 1277 1181 1341; x_wconf 91' lang='lat' dir='ltr'>sub·</span> <span class='ocrx_word' id='word_1_102' title='bbox 1270 1324 1273 1330; x_wconf 68' lang='lat'>,</span> 
     </span>
     <span class='ocr_line' id='line_1_13' title="bbox 134 1364 1218 1448; baseline 0.001 -21"><span class='ocrx_word' id='word_1_103' title='bbox 134 1364 230 1427; x_wconf 89' lang='lat' dir='ltr'>simul</span> <span class='ocrx_word' id='word_1_104' title='bbox 265 1364 300 1427; x_wconf 92' lang='lat' dir='ltr'>in</span> <span class='ocrx_word' id='word_1_105' title='bbox 337 1365 503 1446; x_wconf 85' lang='lat' dir='ltr'>amplexus</span> <span class='ocrx_word' id='word_1_106' title='bbox 542 1366 738 1429; x_wconf 85' lang='lat' dir='ltr'>occurrentis</span> <span class='ocrx_word' id='word_1_107' title='bbox 768 1365 852 1429; x_wconf 90' lang='lat' dir='ltr'>filiae</span> <span class='ocrx_word' id='word_1_108' title='bbox 879 1365 1007 1448; x_wconf 87' lang='lat' dir='ltr'>ruebat,</span> <span class='ocrx_word' id='word_1_109' title='bbox 1038 1364 1103 1429; x_wconf 90' lang='lat' dir='ltr'>nisi</span> <span class='ocrx_word' id='word_1_110' title='bbox 1133 1366 1218 1435; x_wconf 82' lang='lat' dir='ltr'>in-5</span> 
     </span>
     <span class='ocr_line' id='line_1_14' title="bbox 98 1452 1181 1537; baseline 0 -21"><span class='ocrx_word' id='word_1_111' title='bbox 98 1452 132 1516; x_wconf 73' lang='lat' dir='ltr'>iti</span> <span class='ocrx_word' id='word_1_112' title='bbox 149 1452 280 1516; x_wconf 75' lang='lat' dir='ltr'>lictores</span> <span class='ocrx_word' id='word_1_113' title='bbox 300 1454 442 1535; x_wconf 90' lang='lat' dir='ltr'>utrisque</span> <span class='ocrx_word' id='word_1_114' title='bbox 462 1452 672 1517; x_wconf 83' lang='lat' dir='ltr'>obstitissent.</span> <span class='ocrx_word' id='word_1_115' title='bbox 714 1474 790 1517; x_wconf 87' lang='lat' dir='ltr'>mox</span> <span class='ocrx_word' id='word_1_116' title='bbox 808 1454 902 1519; x_wconf 88' lang='lat' dir='ltr'>datus</span> <span class='ocrx_word' id='word_1_117' title='bbox 920 1453 1059 1517; x_wconf 89' lang='lat' dir='ltr'>testibus</span> <span class='ocrx_word' id='word_1_118' title='bbox 1077 1454 1181 1537; x_wconf 82' lang='lat' dir='ltr'>locus3</span> 
     </span>
     <span class='ocr_line' id='line_1_15' title="bbox 98 1541 1181 1625; baseline 0.003 -23"><span class='ocrx_word' id='word_1_119' title='bbox 98 1543 215 1603; x_wconf 84' lang='lat' dir='ltr'>autum</span> <span class='ocrx_word' id='word_1_120' title='bbox 233 1541 474 1605; x_wconf 87' lang='lat' dir='ltr'>misericordiae</span> <span class='ocrx_word' id='word_1_121' title='bbox 493 1542 630 1606; x_wconf 73' lang='lat' dir='ltr'>saevitia</span> <span class='ocrx_word' id='word_1_122' title='bbox 649 1542 865 1606; x_wconf 89' lang='lat' dir='ltr'>accusationis</span> <span class='ocrx_word' id='word_1_123' title='bbox 880 1545 1093 1625; x_wconf 85' lang='lat' dir='ltr'>permoverat,</span> <span class='ocrx_word' id='word_1_124' title='bbox 1110 1545 1181 1606; x_wconf 84' lang='lat' dir='ltr'>tan-</span> 
     </span>
     <span class='ocr_line' id='line_1_16' title="bbox 98 1628 1181 1713; baseline 0.002 -21"><span class='ocrx_word' id='word_1_125' title='bbox 98 1630 162 1692; x_wconf 89' lang='lat' dir='ltr'>irae</span> <span class='ocrx_word' id='word_1_126' title='bbox 181 1628 216 1692; x_wconf 91' lang='lat' dir='ltr'>P.</span> <span class='ocrx_word' id='word_1_127' title='bbox 234 1628 397 1713; x_wconf 81' lang='lat' dir='ltr'>Egnatius</span> <span class='ocrx_word' id='word_1_128' title='bbox 416 1631 509 1693; x_wconf 88' lang='lat' dir='ltr'>testis</span> <span class='ocrx_word' id='word_1_129' title='bbox 529 1631 677 1695; x_wconf 85' lang='lat' dir='ltr'>concivit.</span> <span class='ocrx_word' id='word_1_130' title='bbox 714 1630 814 1694; x_wconf 89' lang='lat' dir='ltr'>cliens</span> <span class='ocrx_word' id='word_1_131' title='bbox 833 1630 885 1695; x_wconf 91' lang='lat' dir='ltr'>hic</span> <span class='ocrx_word' id='word_1_132' title='bbox 905 1628 1033 1713; x_wconf 78' lang='lat' dir='ltr'>Sorani,</span> <span class='ocrx_word' id='word_1_133' title='bbox 1053 1634 1085 1693; x_wconf 89' lang='lat' dir='ltr'>et</span> <span class='ocrx_word' id='word_1_134' title='bbox 1103 1633 1181 1694; x_wconf 88' lang='lat' dir='ltr'>tunc</span> 
     </span>
     <span class='ocr_line' id='line_1_17' title="bbox 98 1716 1182 1801; baseline 0.001 -21"><span class='ocrx_word' id='word_1_135' title='bbox 98 1740 133 1781; x_wconf 86' lang='lat' dir='ltr'>us</span> <span class='ocrx_word' id='word_1_136' title='bbox 158 1718 198 1780; x_wconf 90' lang='lat' dir='ltr'>ad</span> <span class='ocrx_word' id='word_1_137' title='bbox 222 1718 467 1801; x_wconf 89' lang='lat' dir='ltr'>opprimendum</span> <span class='ocrx_word' id='word_1_138' title='bbox 492 1718 643 1801; x_wconf 90' lang='lat' dir='ltr'>amicum,</span> <span class='ocrx_word' id='word_1_139' title='bbox 673 1719 900 1784; x_wconf 86' lang='lat' dir='ltr'>auctoritatem</span> <span class='ocrx_word' id='word_1_140' title='bbox 924 1716 1051 1783; x_wconf 74' lang='lat' dir='ltr'>Stoicae</span> <span class='ocrx_word' id='word_1_141' title='bbox 1075 1722 1182 1782; x_wconf 89' lang='lat' dir='ltr'>sectae</span> 
     </span>
     <span class='ocr_line' id='line_1_18' title="bbox 98 1806 1237 1891; baseline 0.006 -22"><span class='ocrx_word' id='word_1_142' title='bbox 98 1806 219 1888; x_wconf 78' lang='lat' dir='ltr'>arebat,</span> <span class='ocrx_word' id='word_1_143' title='bbox 247 1806 361 1869; x_wconf 88' lang='lat' dir='ltr'>habitu</span> <span class='ocrx_word' id='word_1_144' title='bbox 389 1810 421 1869; x_wconf 91' lang='lat' dir='ltr'>et</span> <span class='ocrx_word' id='word_1_145' title='bbox 449 1828 503 1871; x_wconf 89' lang='lat' dir='ltr'>ore</span> <span class='ocrx_word' id='word_1_146' title='bbox 527 1808 567 1870; x_wconf 89' lang='lat' dir='ltr'>ad</span> <span class='ocrx_word' id='word_1_147' title='bbox 592 1806 830 1891; x_wconf 85' lang='lat' dir='ltr'>exprimendam</span> <span class='ocrx_word' id='word_1_148' title='bbox 852 1807 1028 1891; x_wconf 83' lang='lat' dir='ltr'>imaginem</span> <span class='ocrx_word' id='word_1_149' title='bbox 1051 1806 1182 1871; x_wconf 90' lang='lat' dir='ltr'>honesti</span> <span class='ocrx_word' id='word_1_150' title='bbox 1200 1827 1237 1876; x_wconf 85' lang='lat'>10</span> 
     </span>
     <span class='ocr_line' id='line_1_19' title="bbox 99 1894 1181 1979; baseline 0.001 -22"><span class='ocrx_word' id='word_1_151' title='bbox 99 1896 177 1976; x_wconf 89' lang='lat' dir='ltr'>itus,</span> <span class='ocrx_word' id='word_1_152' title='bbox 210 1898 351 1958; x_wconf 89' lang='lat' dir='ltr'>ceterum</span> <span class='ocrx_word' id='word_1_153' title='bbox 376 1895 484 1959; x_wconf 90' lang='lat' dir='ltr'>animo</span> <span class='ocrx_word' id='word_1_154' title='bbox 507 1895 713 1979; x_wconf 88' lang='lat' dir='ltr'>perfidiosus,</span> <span class='ocrx_word' id='word_1_155' title='bbox 746 1895 911 1978; x_wconf 90' lang='lat' dir='ltr'>subdolus,</span> <span class='ocrx_word' id='word_1_156' title='bbox 943 1894 1114 1959; x_wconf 88' lang='lat' dir='ltr'>avaritiam</span> <span class='ocrx_word' id='word_1_157' title='bbox 1144 1916 1181 1959; x_wconf 89' lang='lat' dir='ltr'>ac</span> 
     </span>
     <span class='ocr_line' id='line_1_20' title="bbox 99 1983 1182 2067; baseline 0.001 -22"><span class='ocrx_word' id='word_1_158' title='bbox 99 2004 174 2046; x_wconf 90' lang='lat' dir='ltr'>nem</span> <span class='ocrx_word' id='word_1_159' title='bbox 193 1984 371 2065; x_wconf 82' lang='lat' dir='ltr'>occultans3</span> <span class='ocrx_word' id='word_1_160' title='bbox 392 2006 473 2067; x_wconf 88' lang='lat' dir='ltr'>quae</span> <span class='ocrx_word' id='word_1_161' title='bbox 491 1988 666 2067; x_wconf 89' lang='lat' dir='ltr'>postquam</span> <span class='ocrx_word' id='word_1_162' title='bbox 684 1984 821 2067; x_wconf 89' lang='lat' dir='ltr'>pecunia</span> <span class='ocrx_word' id='word_1_163' title='bbox 838 1983 964 2048; x_wconf 84' lang='lat' dir='ltr'>reclusa</span> <span class='ocrx_word' id='word_1_164' title='bbox 982 1986 1070 2066; x_wconf 87' lang='lat' dir='ltr'>sunt,</span> <span class='ocrx_word' id='word_1_165' title='bbox 1093 1983 1182 2047; x_wconf 87' lang='lat' dir='ltr'>dedit</span> 
     </span>
     <span class='ocr_line' id='line_1_21' title="bbox 98 2071 1181 2156; baseline 0 -22"><span class='ocrx_word' id='word_1_166' title='bbox 98 2072 189 2154; x_wconf 92' lang='lat' dir='ltr'>plum</span> <span class='ocrx_word' id='word_1_167' title='bbox 211 2073 439 2155; x_wconf 81' lang='lat' dir='ltr'>praecavendi,</span> <span class='ocrx_word' id='word_1_168' title='bbox 463 2095 525 2156; x_wconf 92' lang='lat' dir='ltr'>quo</span> <span class='ocrx_word' id='word_1_169' title='bbox 549 2073 645 2137; x_wconf 95' lang='lat' dir='ltr'>modo</span> <span class='ocrx_word' id='word_1_170' title='bbox 669 2071 836 2136; x_wconf 81' lang='lat' dir='ltr'>fraudibus</span> <span class='ocrx_word' id='word_1_171' title='bbox 860 2072 1022 2136; x_wconf 88' lang='lat' dir='ltr'>involutos</span> <span class='ocrx_word' id='word_1_172' title='bbox 1046 2075 1103 2135; x_wconf 85' lang='lat' dir='ltr'>aut</span> <span class='ocrx_word' id='word_1_173' title='bbox 1125 2072 1181 2135; x_wconf 88' lang='lat' dir='ltr'>fla-</span> 
     </span>
     <span class='ocr_line' id='line_1_22' title="bbox 121 2159 1181 2244; baseline -0.002 -20"><span class='ocrx_word' id='word_1_174' title='bbox 121 2161 388 2244; x_wconf 84' lang='lat' dir='ltr'>commaculatos,</span> <span class='ocrx_word' id='word_1_175' title='bbox 412 2161 457 2224; x_wconf 90' lang='lat' dir='ltr'>sic</span> <span class='ocrx_word' id='word_1_176' title='bbox 481 2161 586 2244; x_wconf 86' lang='lat' dir='ltr'>specie</span> <span class='ocrx_word' id='word_1_177' title='bbox 609 2161 768 2225; x_wconf 91' lang='lat' dir='ltr'>bonarum</span> <span class='ocrx_word' id='word_1_178' title='bbox 792 2161 910 2224; x_wconf 89' lang='lat' dir='ltr'>artium</span> <span class='ocrx_word' id='word_1_179' title='bbox 932 2159 1033 2225; x_wconf 81' lang='lat' dir='ltr'>falsos</span> <span class='ocrx_word' id='word_1_180' title='bbox 1053 2164 1084 2222; x_wconf 88' lang='lat' dir='ltr'>et</span> <span class='ocrx_word' id='word_1_181' title='bbox 1103 2160 1181 2223; x_wconf 91' lang='lat' dir='ltr'>ami-</span> 
     </span>
     <span class='ocr_line' id='line_1_23' title="bbox 98 2248 1233 2312; baseline 0.004 -2"><span class='ocrx_word' id='word_1_182' title='bbox 98 2273 102 2309; x_wconf 71' lang='lat' dir='ltr'>e</span> <span class='ocrx_word' id='word_1_183' title='bbox 126 2249 266 2312; x_wconf 84' lang='lat' dir='ltr'>fallaces.</span> <span class='ocrx_word' id='word_1_184' title='bbox 1199 2248 1233 2297; x_wconf 83' lang='lat'>15</span> 
     </span>
     <span class='ocr_line' id='line_1_24' title="bbox 98 2334 1236 2422; baseline -0.001 -22"><span class='ocrx_word' id='word_1_185' title='bbox 98 2336 186 2401; x_wconf 91' lang='lat' dir='ltr'>Idem</span> <span class='ocrx_word' id='word_1_186' title='bbox 204 2340 315 2400; x_wconf 90' lang='lat' dir='ltr'>tamen</span> <span class='ocrx_word' id='word_1_187' title='bbox 334 2337 401 2401; x_wconf 92' lang='lat' dir='ltr'>dies</span> <span class='ocrx_word' id='word_1_188' title='bbox 422 2341 454 2400; x_wconf 86' lang='lat' dir='ltr'>et</span> <span class='ocrx_word' id='word_1_189' title='bbox 471 2338 645 2402; x_wconf 90' lang='lat' dir='ltr'>honestum</span> <span class='ocrx_word' id='word_1_190' title='bbox 664 2337 845 2422; x_wconf 82' lang='lat' dir='ltr'>exemplum</span> <span class='ocrx_word' id='word_1_191' title='bbox 862 2337 939 2400; x_wconf 89' lang='lat' dir='ltr'>tulit</span> <span class='ocrx_word' id='word_1_192' title='bbox 954 2335 1059 2402; x_wconf 82' lang='lat' dir='ltr'>Cassii</span> <span class='ocrx_word' id='word_1_193' title='bbox 1071 2336 1182 2400; x_wconf 88' lang='lat' dir='ltr'>Ascle·</span> <span class='ocrx_word' id='word_1_194' title='bbox 1192 2334 1236 2399; x_wconf 84' lang='lat'>33</span> 
     </span>
     <span class='ocr_line' id='line_1_25' title="bbox 98 2424 1182 2511; baseline -0.001 -22"><span class='ocrx_word' id='word_1_195' title='bbox 98 2427 146 2508; x_wconf 72' lang='lat' dir='ltr'>ui,</span> <span class='ocrx_word' id='word_1_196' title='bbox 171 2427 226 2510; x_wconf 90' lang='lat' dir='ltr'>qui</span> <span class='ocrx_word' id='word_1_197' title='bbox 249 2426 473 2510; x_wconf 85' lang='lat' dir='ltr'>magnitudine</span> <span class='ocrx_word' id='word_1_198' title='bbox 493 2448 590 2511; x_wconf 89' lang='lat' dir='ltr'>opum</span> <span class='ocrx_word' id='word_1_199' title='bbox 608 2427 801 2511; x_wconf 85' lang='lat' dir='ltr'>praecipuus</span> <span class='ocrx_word' id='word_1_200' title='bbox 819 2427 905 2489; x_wconf 89' lang='lat' dir='ltr'>inter</span> <span class='ocrx_word' id='word_1_201' title='bbox 921 2424 1095 2509; x_wconf 88' lang='lat' dir='ltr'>Bithynos,</span> <span class='ocrx_word' id='word_1_202' title='bbox 1119 2447 1182 2510; x_wconf 90' lang='lat' dir='ltr'>quo</span> 
     </span>
     <span class='ocr_line' id='line_1_26' title="bbox 98 2513 1183 2599; baseline 0.002 -22"><span class='ocrx_word' id='word_1_203' title='bbox 98 2515 163 2598; x_wconf 74' lang='lat' dir='ltr'>quio</span> <span class='ocrx_word' id='word_1_204' title='bbox 186 2514 354 2577; x_wconf 88' lang='lat' dir='ltr'>florentem</span> <span class='ocrx_word' id='word_1_205' title='bbox 379 2513 537 2578; x_wconf 81' lang='lat' dir='ltr'>Soranum</span> <span class='ocrx_word' id='word_1_206' title='bbox 563 2516 791 2599; x_wconf 80' lang='lat' dir='ltr'>celebraverat,</span> <span class='ocrx_word' id='word_1_207' title='bbox 819 2515 981 2578; x_wconf 90' lang='lat' dir='ltr'>labentem</span> <span class='ocrx_word' id='word_1_208' title='bbox 1003 2536 1071 2579; x_wconf 92' lang='lat' dir='ltr'>non</span> <span class='ocrx_word' id='word_1_209' title='bbox 1094 2514 1183 2579; x_wconf 90' lang='lat' dir='ltr'>dese-</span> 
     </span>
    </p>
   </div>
   <div class='ocr_carea' id='block_1_3' title="bbox 98 2775 1184 3412">
    <p class='ocr_par' dir='ltr' id='par_1_3' title="bbox 101 2775 1182 2916">
     <span class='ocr_line' id='line_1_27' title="bbox 115 2775 1182 2846; baseline -0.002 -15"><span class='ocrx_word' id='word_1_210' title='bbox 115 2777 247 2846; x_wconf 85' lang='lat' dir='ltr'>geweiht.</span> <span class='ocrx_word' id='word_1_211' title='bbox 284 2777 352 2830; x_wconf 87' lang='lat' dir='ltr'>Hier</span> <span class='ocrx_word' id='word_1_212' title='bbox 375 2778 480 2831; x_wconf 79' lang='lat' dir='ltr'>kounte</span> <span class='ocrx_word' id='word_1_213' title='bbox 509 2779 567 2832; x_wconf 89' lang='lat' dir='ltr'>also</span> <span class='ocrx_word' id='word_1_214' title='bbox 658 2782 683 2830; x_wconf 87' lang='lat'>5.</span> <span class='ocrx_word' id='word_1_215' title='bbox 711 2778 815 2830; x_wconf 81' lang='lat' dir='ltr'>ruebat.</span> <span class='ocrx_word' id='word_1_216' title='bbox 853 2775 945 2829; x_wconf 88' lang='lat' dir='ltr'>Ueber</span> <span class='ocrx_word' id='word_1_217' title='bbox 968 2775 1023 2828; x_wconf 91' lang='lat' dir='ltr'>den</span> <span class='ocrx_word' id='word_1_218' title='bbox 1043 2775 1182 2830; x_wconf 89' lang='lat' dir='ltr'>Indicativ</span> 
     </span>
     <span class='ocr_line' id='line_1_28' title="bbox 101 2847 903 2916; baseline -0.002 -15"><span class='ocrx_word' id='word_1_219' title='bbox 101 2849 157 2902; x_wconf 92' lang='lat' dir='ltr'>ltar</span> <span class='ocrx_word' id='word_1_220' title='bbox 175 2847 274 2916; x_wconf 87' lang='lat' dir='ltr'>irgend</span> <span class='ocrx_word' id='word_1_221' title='bbox 298 2848 373 2901; x_wconf 88' lang='lat' dir='ltr'>eines</span> <span class='ocrx_word' id='word_1_222' title='bbox 392 2848 503 2902; x_wconf 87' lang='lat' dir='ltr'>Kaisers</span> <span class='ocrx_word' id='word_1_223' title='bbox 521 2866 568 2902; x_wconf 88' lang='lat' dir='ltr'>nc·</span> <span class='ocrx_word' id='word_1_224' title='bbox 622 2866 642 2901; x_wconf 91' lang='lat' dir='ltr'>s.</span> <span class='ocrx_word' id='word_1_225' title='bbox 661 2847 735 2901; x_wconf 83' lang='lat' dir='ltr'>Einl.</span> <span class='ocrx_word' id='word_1_226' title='bbox 754 2853 777 2912; x_wconf 70' lang='lat'>§-</span> <span class='ocrx_word' id='word_1_227' title='bbox 798 2852 858 2914; x_wconf 87' lang='grc'>103,</span> <span class='ocrx_word' id='word_1_228' title='bbox 877 2864 903 2900; x_wconf 89' lang='lat' dir='ltr'>a.</span> 
     </span>
    </p>

    <p class='ocr_par' dir='ltr' id='par_1_4' title="bbox 98 2915 1182 3270">
     <span class='ocr_line' id='line_1_29' title="bbox 99 2915 1182 2987; baseline 0 -16"><span class='ocrx_word' id='word_1_229' title='bbox 99 2935 143 2972; x_wconf 89' lang='lat' dir='ltr'>em</span> <span class='ocrx_word' id='word_1_230' title='bbox 163 2919 212 2972; x_wconf 90' lang='lat' dir='ltr'>der</span> <span class='ocrx_word' id='word_1_231' title='bbox 229 2919 323 2971; x_wconf 85' lang='lat' dir='ltr'>Venus</span> <span class='ocrx_word' id='word_1_232' title='bbox 347 2919 501 2987; x_wconf 84' lang='lat' dir='ltr'>gestanden</span> <span class='ocrx_word' id='word_1_233' title='bbox 520 2921 568 2973; x_wconf 90' lang='lat' dir='ltr'>ha·</span> <span class='ocrx_word' id='word_1_234' title='bbox 659 2925 683 2972; x_wconf 88' lang='lat'>8.</span> <span class='ocrx_word' id='word_1_235' title='bbox 711 2918 742 2971; x_wconf 92' lang='lat' dir='ltr'>P.</span> <span class='ocrx_word' id='word_1_236' title='bbox 761 2917 899 2986; x_wconf 84' lang='lat' dir='ltr'>Egnatius</span> <span class='ocrx_word' id='word_1_237' title='bbox 923 2915 1003 2970; x_wconf 84' lang='lat' dir='ltr'>Celer</span> <span class='ocrx_word' id='word_1_238' title='bbox 1026 2933 1075 2971; x_wconf 90' lang='lat' dir='ltr'>aus</span> <span class='ocrx_word' id='word_1_239' title='bbox 1097 2916 1182 2986; x_wconf 81' lang='lat' dir='ltr'>Bery-</span> 
     </span>
     <span class='ocr_line' id='line_1_30' title="bbox 114 2987 1182 3043; baseline 0 -1"><span class='ocrx_word' id='word_1_240' title='bbox 114 2988 167 3043; x_wconf 91' lang='lat' dir='ltr'>Die</span> <span class='ocrx_word' id='word_1_241' title='bbox 201 2989 341 3042; x_wconf 74' lang='lat' dir='ltr'>situation</span> <span class='ocrx_word' id='word_1_242' title='bbox 374 2990 423 3043; x_wconf 86' lang='lat' dir='ltr'>der</span> <span class='ocrx_word' id='word_1_243' title='bbox 455 2990 568 3043; x_wconf 85' lang='lat' dir='ltr'>Schutz-</span> <span class='ocrx_word' id='word_1_244' title='bbox 622 2992 668 3043; x_wconf 91' lang='lat' dir='ltr'>tus</span> <span class='ocrx_word' id='word_1_245' title='bbox 681 2989 711 3041; x_wconf 91' lang='lat' dir='ltr'>in</span> <span class='ocrx_word' id='word_1_246' title='bbox 725 2987 879 3043; x_wconf 81' lang='lat' dir='ltr'>Phbnicicn</span> <span class='ocrx_word' id='word_1_247' title='bbox 897 2987 968 3041; x_wconf 79' lang='lat' dir='ltr'>wird</span> <span class='ocrx_word' id='word_1_248' title='bbox 984 2987 1024 3040; x_wconf 91' lang='lat' dir='ltr'>im</span> <span class='ocrx_word' id='word_1_249' title='bbox 1037 2988 1062 3041; x_wconf 89' lang='lat' dir='ltr'>J.</span> <span class='ocrx_word' id='word_1_250' title='bbox 1079 2994 1111 3042; x_wconf 83' lang='grc'>69</span> <span class='ocrx_word' id='word_1_251' title='bbox 1126 3005 1182 3042; x_wconf 87' lang='lat' dir='ltr'>von</span> 
     </span>
     <span class='ocr_line' id='line_1_31' title="bbox 100 3058 1182 3128; baseline -0.002 -15"><span class='ocrx_word' id='word_1_252' title='bbox 100 3060 154 3114; x_wconf 90' lang='lat' dir='ltr'>den</span> <span class='ocrx_word' id='word_1_253' title='bbox 172 3059 282 3114; x_wconf 86' lang='lat' dir='ltr'>scheint</span> <span class='ocrx_word' id='word_1_254' title='bbox 305 3059 371 3114; x_wconf 86' lang='lat' dir='ltr'>aber</span> <span class='ocrx_word' id='word_1_255' title='bbox 395 3079 429 3113; x_wconf 86' lang='lat' dir='ltr'>zu</span> <span class='ocrx_word' id='word_1_256' title='bbox 447 3060 568 3128; x_wconf 80' lang='lat' dir='ltr'>sordem,</span> <span class='ocrx_word' id='word_1_257' title='bbox 622 3059 765 3113; x_wconf 87' lang='lat' dir='ltr'>Musonius</span> <span class='ocrx_word' id='word_1_258' title='bbox 782 3058 871 3113; x_wconf 85' lang='lat' dir='ltr'>Rufus</span> <span class='ocrx_word' id='word_1_259' title='bbox 892 3074 991 3128; x_wconf 81' lang='lat' dir='ltr'>wegen</span> <span class='ocrx_word' id='word_1_260' title='bbox 1009 3058 1100 3113; x_wconf 88' lang='lat' dir='ltr'>dieser</span> <span class='ocrx_word' id='word_1_261' title='bbox 1117 3058 1182 3112; x_wconf 90' lang='lat' dir='ltr'>Per-</span> 
     </span>
     <span class='ocr_line' id='line_1_32' title="bbox 98 3129 1182 3200; baseline -0.001 -17"><span class='ocrx_word' id='word_1_262' title='bbox 98 3149 141 3183; x_wconf 80' lang='lat' dir='ltr'>iur</span> <span class='ocrx_word' id='word_1_263' title='bbox 158 3130 211 3184; x_wconf 85' lang='lat' dir='ltr'>Eiu</span> <span class='ocrx_word' id='word_1_264' title='bbox 225 3132 307 3185; x_wconf 83' lang='lat' dir='ltr'>Altar</span> <span class='ocrx_word' id='word_1_265' title='bbox 322 3132 449 3185; x_wconf 71' lang='lat' dir='ltr'>erwahnt</span> <span class='ocrx_word' id='word_1_266' title='bbox 462 3132 567 3185; x_wconf 83' lang='lat' dir='ltr'>werde:</span> <span class='ocrx_word' id='word_1_267' title='bbox 623 3130 688 3184; x_wconf 88' lang='lat' dir='ltr'>fidie</span> <span class='ocrx_word' id='word_1_268' title='bbox 703 3129 858 3200; x_wconf 82' lang='lat' dir='ltr'>angeklagt</span> <span class='ocrx_word' id='word_1_269' title='bbox 870 3130 928 3183; x_wconf 89' lang='lat' dir='ltr'>und</span> <span class='ocrx_word' id='word_1_270' title='bbox 941 3146 1007 3183; x_wconf 85' lang='lat' dir='ltr'>vom</span> <span class='ocrx_word' id='word_1_271' title='bbox 1021 3129 1108 3184; x_wconf 84' lang='lat' dir='ltr'>Senat</span> <span class='ocrx_word' id='word_1_272' title='bbox 1121 3146 1182 3185; x_wconf 86' lang='lat' dir='ltr'>ver·</span> 
     </span>
     <span class='ocr_line' id='line_1_33' title="bbox 122 3200 748 3270; baseline 0.002 -15"><span class='ocrx_word' id='word_1_273' title='bbox 122 3219 189 3270; x_wconf 85' lang='lat' dir='ltr'>mag</span> <span class='ocrx_word' id='word_1_274' title='bbox 217 3207 242 3255; x_wconf 82' lang='lat' dir='ltr'>et</span> <span class='ocrx_word' id='word_1_275' title='bbox 265 3219 344 3255; x_wconf 75' lang='lat' dir='ltr'>orara</span> <span class='ocrx_word' id='word_1_276' title='bbox 372 3201 418 3255; x_wconf 90' lang='lat' dir='ltr'>ein</span> <span class='ocrx_word' id='word_1_277' title='bbox 444 3201 569 3256; x_wconf 84' lang='lat' dir='ltr'>Glossem</span> <span class='ocrx_word' id='word_1_278' title='bbox 624 3200 748 3256; x_wconf 85' lang='lat' dir='ltr'>urtheilt.</span> 
     </span>
    </p>

    <p class='ocr_par' dir='ltr' id='par_1_5' title="bbox 99 3266 1184 3412">
     <span class='ocr_line' id='line_1_34' title="bbox 112 3266 1180 3340; baseline 0.003 -15"><span class='ocrx_word' id='word_1_279' title='bbox 112 3273 219 3326; x_wconf 90' lang='lat' dir='ltr'>Anders</span> <span class='ocrx_word' id='word_1_280' title='bbox 246 3272 318 3326; x_wconf 85' lang='lat' dir='ltr'>Plin.</span> <span class='ocrx_word' id='word_1_281' title='bbox 344 3290 409 3340; x_wconf 89' lang='lat' dir='ltr'>pan.</span> <span class='ocrx_word' id='word_1_282' title='bbox 436 3280 448 3325; x_wconf 90' lang='lat'>1</span> <span class='ocrx_word' id='word_1_283' title='bbox 474 3275 570 3326; x_wconf 76' lang='lat' dir='ltr'>electus</span> <span class='ocrx_word' id='word_1_284' title='bbox 660 3278 703 3325; x_wconf 93' lang='lat'>11.</span> <span class='ocrx_word' id='word_1_285' title='bbox 720 3272 897 3340; x_wconf 79' lang='lat' dir='ltr'>perfidiosus,</span> <span class='ocrx_word' id='word_1_286' title='bbox 916 3271 963 3325; x_wconf 89' lang='lat' dir='ltr'>bei</span> <span class='ocrx_word' id='word_1_287' title='bbox 977 3271 1043 3326; x_wconf 85' lang='lat' dir='ltr'>Tac.</span> <span class='ocrx_word' id='word_1_288' title='bbox 1061 3266 1108 3325; x_wconf 81' lang='grc' dir='ltr'>ἀπ.</span> <span class='ocrx_word' id='word_1_289' title='bbox 1130 3269 1180 3339; x_wconf 74' lang='lat' dir='ltr'>ele.</span> 
     </span>
     <span class='ocr_line' id='line_1_35' title="bbox 99 3342 1184 3412; baseline -0.002 -15"><span class='ocrx_word' id='word_1_290' title='bbox 99 3360 164 3397; x_wconf 83' lang='lat' dir='ltr'>uros</span> <span class='ocrx_word' id='word_1_291' title='bbox 183 3349 208 3397; x_wconf 81' lang='lat' dir='ltr'>et</span> <span class='ocrx_word' id='word_1_292' title='bbox 226 3345 338 3397; x_wconf 80' lang='lat' dir='ltr'>altorio.</span> <span class='ocrx_word' id='word_1_293' title='bbox 623 3343 681 3396; x_wconf 85' lang='lat' dir='ltr'>und</span> <span class='ocrx_word' id='word_1_294' title='bbox 703 3344 780 3396; x_wconf 86' lang='lat' dir='ltr'>sonst</span> <span class='ocrx_word' id='word_1_295' title='bbox 803 3344 867 3396; x_wconf 91' lang='lat' dir='ltr'>sehr</span> <span class='ocrx_word' id='word_1_296' title='bbox 890 3342 991 3412; x_wconf 88' lang='lat' dir='ltr'>selten,</span> <span class='ocrx_word' id='word_1_297' title='bbox 1017 3343 1093 3397; x_wconf 91' lang='lat' dir='ltr'>steht</span> <span class='ocrx_word' id='word_1_298' title='bbox 1111 3342 1184 3396; x_wconf 78' lang='lat' dir='ltr'>diter</span> 
     </span>
    </p>
   </div>
   <div class='ocr_carea' id='block_1_4' title="bbox 98 3412 1182 3574">
    <p class='ocr_par' dir='ltr' id='par_1_6' title="bbox 98 3412 1182 3574">
     <span class='ocr_line' id='line_1_36' title="bbox 98 3412 1182 3539; baseline -0.004 -1"><span class='ocrx_word' id='word_1_299' title='bbox 98 3449 151 3502; x_wconf 62' lang='lat' dir='ltr'>Mil</span> <span class='ocrx_word' id='word_1_300' title='bbox 178 3450 233 3503; x_wconf 54' lang='lat'>‘¹2¹1</span> <span class='ocrx_word' id='word_1_301' title='bbox 254 3450 373 3503; x_wconf 65' lang='lat' dir='ltr'>W⁰¹l⁰¹¹</span> <span class='ocrx_word' id='word_1_302' title='bbox 400 3455 444 3514; x_wconf 67' lang='lat'>‘²⁴2</span> <span class='ocrx_word' id='word_1_303' title='bbox 468 3450 569 3503; x_wconf 45' lang='grc' dir='ltr'>(ΨΜ</span> <span class='ocrx_word' id='word_1_304' title='bbox 623 3412 873 3539; x_wconf 58' lang='lat' dir='ltr'>belacicldl‘oatos</span> <span class='ocrx_word' id='word_1_305' title='bbox 904 3483 980 3538; x_wconf 72' lang='lat' dir='ltr'>kann</span> <span class='ocrx_word' id='word_1_306' title='bbox 1010 3483 1072 3536; x_wconf 75' lang='lat' dir='ltr'>hier</span> <span class='ocrx_word' id='word_1_307' title='bbox 1102 3481 1182 3535; x_wconf 77' lang='lat' dir='ltr'>nicht</span> 
     </span>
     <span class='ocr_line' id='line_1_37' title="bbox 98 3520 702 3574; baseline -0.003 0"><span class='ocrx_word' id='word_1_308' title='bbox 98 3520 137 3574; x_wconf 90' lang='lat' dir='ltr'>sie</span> <span class='ocrx_word' id='word_1_309' title='bbox 158 3521 217 3573; x_wconf 90' lang='lat' dir='ltr'>sich</span> <span class='ocrx_word' id='word_1_310' title='bbox 237 3537 272 3573; x_wconf 89' lang='lat' dir='ltr'>an</span> <span class='ocrx_word' id='word_1_311' title='bbox 292 3520 336 3573; x_wconf 84' lang='lat' dir='ltr'>cin</span> <span class='ocrx_word' id='word_1_312' title='bbox 352 3520 500 3574; x_wconf 85' lang='lat' dir='ltr'>Standbild</span> <span class='ocrx_word' id='word_1_313' title='bbox 520 3521 568 3573; x_wconf 89' lang='lat' dir='ltr'>des</span> <span class='ocrx_word' id='word_1_314' title='bbox 697 3527 702 3537; x_wconf 90' lang='grc'>·</span> 
     </span>
    </p>
   </div>
   <div class='ocr_carea' id='block_1_5' title="bbox 98 3554 1184 3978">
    <p class='ocr_par' dir='ltr' id='par_1_7' title="bbox 98 3554 1183 3907">
     <span class='ocr_line' id='line_1_38' title="bbox 98 3554 1181 3623; baseline -0.004 -14"><span class='ocrx_word' id='word_1_315' title='bbox 98 3610 99 3623; x_wconf 51' lang='lat'>,</span> <span class='ocrx_word' id='word_1_316' title='bbox 248 3590 253 3601; x_wconf 88' lang='lat'>·</span> <span class='ocrx_word' id='word_1_317' title='bbox 623 3554 732 3608; x_wconf 91' lang='lat' dir='ltr'>heissen</span> <span class='ocrx_word' id='word_1_318' title='bbox 752 3554 949 3623; x_wconf 87' lang='lat' dir='ltr'>‚,versteckt“‚</span> <span class='ocrx_word' id='word_1_319' title='bbox 973 3554 1093 3607; x_wconf 91' lang='lat' dir='ltr'>sondern</span> <span class='ocrx_word' id='word_1_320' title='bbox 1110 3570 1181 3621; x_wconf 88' lang='lat' dir='ltr'>„an-</span> 
     </span>
     <span class='ocr_line' id='line_1_39' title="bbox 98 3590 1181 3706; baseline 0.002 -65"><span class='ocrx_word' id='word_1_321' title='bbox 98 3590 568 3662; x_wconf 80' lang='lat' dir='ltr'>endenKaisersgewandthaben.</span> <span class='ocrx_word' id='word_1_322' title='bbox 623 3625 773 3706; x_wconf 52' lang='lat' dir='ltr'><strong>gestecktst</strong></span> <span class='ocrx_word' id='word_1_323' title='bbox 797 3626 864 3680; x_wconf 62' lang='lat' dir='ltr'>oder</span> <span class='ocrx_word' id='word_1_324' title='bbox 889 3623 1093 3690; x_wconf 35' lang='lat' dir='ltr'>nemmem,</span> <span class='ocrx_word' id='word_1_325' title='bbox 1122 3623 1181 3677; x_wconf 58' lang='lat' dir='ltr'><strong>also</strong></span> 
     </span>
     <span class='ocr_line' id='line_1_40' title="bbox 98 3663 1182 3771; baseline -0.002 -22"><span class='ocrx_word' id='word_1_326' title='bbox 98 3663 126 3771; x_wconf 63' lang='lat' dir='ltr'>fl·</span> <span class='ocrx_word' id='word_1_327' title='bbox 145 3680 178 3715; x_wconf 61' lang='grc' dir='ltr'>ΖΠ</span> <span class='ocrx_word' id='word_1_328' title='bbox 198 3670 227 3730; x_wconf 61' lang='grc' dir='ltr'>δ’</span> <span class='ocrx_word' id='word_1_329' title='bbox 247 3669 262 3716; x_wconf 71' lang='lat'>8</span> <span class='ocrx_word' id='word_1_330' title='bbox 282 3667 373 3729; x_wconf 61' lang='lat' dir='ltr'>tuum&gt;</span> <span class='ocrx_word' id='word_1_331' title='bbox 395 3663 509 3728; x_wconf 48' lang='grc' dir='ltr'>(Μῶαν)</span> <span class='ocrx_word' id='word_1_332' title='bbox 527 3679 568 3731; x_wconf 46' lang='grc' dir='ltr'>μ’</span> <span class='ocrx_word' id='word_1_333' title='bbox 622 3715 663 3751; x_wconf 92' lang='lat' dir='ltr'>1m</span> <span class='ocrx_word' id='word_1_334' title='bbox 687 3696 771 3751; x_wconf 84' lang='lat' dir='ltr'>Sinne</span> <span class='ocrx_word' id='word_1_335' title='bbox 791 3713 846 3751; x_wconf 82' lang='lat' dir='ltr'>von</span> <span class='ocrx_word' id='word_1_336' title='bbox 866 3668 983 3762; x_wconf 51' lang='lat' dir='ltr'>treiectus</span> <span class='ocrx_word' id='word_1_337' title='bbox 1002 3695 1069 3749; x_wconf 89' lang='lat' dir='ltr'>oder</span> <span class='ocrx_word' id='word_1_338' title='bbox 1087 3694 1182 3747; x_wconf 74' lang='lat' dir='ltr'>inreti-</span> 
     </span>
     <span class='ocr_line' id='line_1_41' title="bbox 623 3765 1183 3835; baseline -0.002 -15"><span class='ocrx_word' id='word_1_339' title='bbox 623 3772 675 3820; x_wconf 76' lang='lat' dir='ltr'>tus,</span> <span class='ocrx_word' id='word_1_340' title='bbox 712 3767 783 3820; x_wconf 92' lang='lat' dir='ltr'>Plin.</span> <span class='ocrx_word' id='word_1_341' title='bbox 804 3784 847 3835; x_wconf 91' lang='lat' dir='ltr'>ep.</span> <span class='ocrx_word' id='word_1_342' title='bbox 870 3773 897 3834; x_wconf 90' lang='lat'>1,</span> <span class='ocrx_word' id='word_1_343' title='bbox 916 3771 932 3819; x_wconf 86' lang='lat'>5</span> <span class='ocrx_word' id='word_1_344' title='bbox 955 3782 1003 3820; x_wconf 82' lang='lat' dir='ltr'>uec</span> <span class='ocrx_word' id='word_1_345' title='bbox 1020 3782 1061 3819; x_wconf 85' lang='lat' dir='ltr'>me</span> <span class='ocrx_word' id='word_1_346' title='bbox 1079 3765 1183 3834; x_wconf 76' lang='lat' dir='ltr'>laqueis</span> 
     </span>
     <span class='ocr_line' id='line_1_42' title="bbox 98 3838 1038 3907; baseline -0.003 -15"><span class='ocrx_word' id='word_1_347' title='bbox 98 3841 137 3892; x_wconf 81' lang='lat' dir='ltr'>sic</span> <span class='ocrx_word' id='word_1_348' title='bbox 156 3870 189 3878; x_wconf 92' lang='lat'><em>-</em></span> <span class='ocrx_word' id='word_1_349' title='bbox 208 3841 339 3907; x_wconf 79' lang='lat' dir='ltr'>quoruodo</span> <span class='ocrx_word' id='word_1_350' title='bbox 363 3840 434 3892; x_wconf 86' lang='lat' dir='ltr'>auch</span> <span class='ocrx_word' id='word_1_351' title='bbox 458 3856 500 3907; x_wconf 88' lang='lat' dir='ltr'>cp.</span> <span class='ocrx_word' id='word_1_352' title='bbox 525 3845 568 3892; x_wconf 76' lang='lat'>32.</span> <span class='ocrx_word' id='word_1_353' title='bbox 624 3839 847 3906; x_wconf 65' lang='lat' dir='ltr'>interrogationis</span> <span class='ocrx_word' id='word_1_354' title='bbox 864 3838 1038 3890; x_wconf 75' lang='lat' dir='ltr'>incoliorum.</span> 
     </span>
    </p>

    <p class='ocr_par' dir='ltr' id='par_1_8' title="bbox 108 3906 1184 3978">
     <span class='ocr_line' id='line_1_43' title="bbox 108 3906 1184 3978; baseline -0.002 -16"><span class='ocrx_word' id='word_1_355' title='bbox 108 3910 174 3963; x_wconf 88' lang='lat' dir='ltr'>dial.</span> <span class='ocrx_word' id='word_1_356' title='bbox 191 3916 233 3964; x_wconf 88' lang='lat'>36.</span> <span class='ocrx_word' id='word_1_357' title='bbox 248 3910 359 3963; x_wconf 88' lang='lat' dir='ltr'>Petron.</span> <span class='ocrx_word' id='word_1_358' title='bbox 375 3917 418 3964; x_wconf 84' lang='lat'>38.</span> <span class='ocrx_word' id='word_1_359' title='bbox 434 3908 509 3963; x_wconf 82' lang='lat' dir='ltr'>Cael.</span> <span class='ocrx_word' id='word_1_360' title='bbox 524 3928 568 3978; x_wconf 88' lang='lat' dir='ltr'>ap.</span> <span class='ocrx_word' id='word_1_361' title='bbox 661 3917 702 3962; x_wconf 79' lang='lat'>15.</span> <span class='ocrx_word' id='word_1_362' title='bbox 725 3910 816 3975; x_wconf 78' lang='lat' dir='ltr'>fallax</span> <span class='ocrx_word' id='word_1_363' title='bbox 841 3908 894 3960; x_wconf 90' lang='lat' dir='ltr'>mit</span> <span class='ocrx_word' id='word_1_364' title='bbox 917 3908 981 3961; x_wconf 86' lang='lat' dir='ltr'>dem</span> <span class='ocrx_word' id='word_1_365' title='bbox 1004 3906 1125 3962; x_wconf 87' lang='lat' dir='ltr'>Genetiv</span> <span class='ocrx_word' id='word_1_366' title='bbox 1146 3906 1184 3961; x_wconf 91' lang='lat' dir='ltr'>ist</span> 
     </span>
    </p>
   </div>
   <div class='ocr_carea' id='block_1_6' title="bbox 98 3974 1183 4119">
    <p class='ocr_par' dir='ltr' id='par_1_9' title="bbox 98 3974 1183 4119">
     <span class='ocr_line' id='line_1_44' title="bbox 98 3974 1183 4049; baseline -0.005 -15"><span class='ocrx_word' id='word_1_367' title='bbox 98 3983 152 4034; x_wconf 82' lang='lat' dir='ltr'>am.</span> <span class='ocrx_word' id='word_1_368' title='bbox 172 3988 202 4047; x_wconf 86' lang='lat'>8,</span> <span class='ocrx_word' id='word_1_369' title='bbox 227 3988 252 4034; x_wconf 86' lang='lat'>4.</span> <span class='ocrx_word' id='word_1_370' title='bbox 291 3980 368 4034; x_wconf 84' lang='lat' dir='ltr'>Statt</span> <span class='ocrx_word' id='word_1_371' title='bbox 391 3982 522 4049; x_wconf 74' lang='lat' dir='ltr'>qiioiuodo</span> <span class='ocrx_word' id='word_1_372' title='bbox 545 3983 570 4034; x_wconf 80' lang='lat' dir='ltr'>si</span> <span class='ocrx_word' id='word_1_373' title='bbox 624 3974 673 4034; x_wconf 76' lang='grc' dir='ltr'>ἀπ.</span> <span class='ocrx_word' id='word_1_374' title='bbox 691 3977 742 4047; x_wconf 75' lang='lat' dir='ltr'>sip.</span> <span class='ocrx_word' id='word_1_375' title='bbox 761 3979 834 4032; x_wconf 87' lang='lat' dir='ltr'>nach</span> <span class='ocrx_word' id='word_1_376' title='bbox 853 3978 991 4047; x_wconf 85' lang='lat' dir='ltr'>Analogia</span> <span class='ocrx_word' id='word_1_377' title='bbox 1009 3996 1065 4033; x_wconf 88' lang='lat' dir='ltr'>von</span> <span class='ocrx_word' id='word_1_378' title='bbox 1083 3994 1183 4047; x_wconf 77' lang='lat' dir='ltr'>caper,</span> 
     </span>
     <span class='ocr_line' id='line_1_45' title="bbox 98 4050 988 4119; baseline -0.002 -14"><span class='ocrx_word' id='word_1_379' title='bbox 98 4052 144 4105; x_wconf 77' lang='lat' dir='ltr'>&#39;aa</span> <span class='ocrx_word' id='word_1_380' title='bbox 164 4054 243 4106; x_wconf 86' lang='lat' dir='ltr'>sonst</span> <span class='ocrx_word' id='word_1_381' title='bbox 261 4058 291 4105; x_wconf 81' lang='lat' dir='ltr'>ut</span> <span class='ocrx_word' id='word_1_382' title='bbox 309 4054 341 4107; x_wconf 84' lang='lat' dir='ltr'>si.</span> <span class='ocrx_word' id='word_1_383' title='bbox 417 4058 419 4063; x_wconf 88' lang='lat'>&#39;</span> <span class='ocrx_word' id='word_1_384' title='bbox 624 4055 721 4115; x_wconf 74' lang='lat' dir='ltr'>terias,</span> <span class='ocrx_word' id='word_1_385' title='bbox 735 4051 881 4119; x_wconf 74' lang='lat' dir='ltr'>peruicax,</span> <span class='ocrx_word' id='word_1_386' title='bbox 898 4050 988 4117; x_wconf 78' lang='lat' dir='ltr'>ferax.</span> 
     </span>
    </p>
   </div>
   <div class='ocr_carea' id='block_1_7' title="bbox 98 4205 1183 4407">
    <p class='ocr_par' dir='ltr' id='par_1_10' title="bbox 98 4205 1183 4407">
     <span class='ocr_line' id='line_1_46' title="bbox 113 4205 1183 4279; baseline -0.007 -14"><span class='ocrx_word' id='word_1_387' title='bbox 113 4218 137 4265; x_wconf 86' lang='lat'>3.</span> <span class='ocrx_word' id='word_1_388' title='bbox 158 4228 300 4277; x_wconf 73' lang='lat' dir='ltr'>comeum,</span> <span class='ocrx_word' id='word_1_389' title='bbox 326 4210 379 4264; x_wconf 81' lang='lat' dir='ltr'>wie</span> <span class='ocrx_word' id='word_1_390' title='bbox 399 4228 442 4279; x_wconf 85' lang='lat' dir='ltr'>ep.</span> <span class='ocrx_word' id='word_1_391' title='bbox 462 4217 496 4264; x_wconf 81' lang='lat'>30</span> <span class='ocrx_word' id='word_1_392' title='bbox 515 4211 570 4264; x_wconf 87' lang='lat' dir='ltr'>dis·</span> <span class='ocrx_word' id='word_1_393' title='bbox 659 4207 708 4263; x_wconf 77' lang='lat'>33.</span> <span class='ocrx_word' id='word_1_394' title='bbox 729 4215 752 4261; x_wconf 93' lang='lat'>1.</span> <span class='ocrx_word' id='word_1_395' title='bbox 770 4207 867 4261; x_wconf 88' lang='lat' dir='ltr'>Dieser</span> <span class='ocrx_word' id='word_1_396' title='bbox 882 4208 999 4276; x_wconf 86' lang='lat' dir='ltr'>Cassius,</span> <span class='ocrx_word' id='word_1_397' title='bbox 1015 4224 1063 4261; x_wconf 85' lang='lat' dir='ltr'>aus</span> <span class='ocrx_word' id='word_1_398' title='bbox 1077 4205 1183 4259; x_wconf 86' lang='lat' dir='ltr'>Nicaea</span> 
     </span>
     <span class='ocr_line' id='line_1_47' title="bbox 100 4276 1183 4350; baseline -0.006 -15"><span class='ocrx_word' id='word_1_399' title='bbox 100 4284 120 4335; x_wconf 80' lang='lat' dir='ltr'>ri</span> <span class='ocrx_word' id='word_1_400' title='bbox 134 4284 293 4336; x_wconf 74' lang='lat' dir='ltr'>eorrectebat.</span> <span class='ocrx_word' id='word_1_401' title='bbox 317 4300 358 4350; x_wconf 86' lang='lat' dir='ltr'>ep.</span> <span class='ocrx_word' id='word_1_402' title='bbox 377 4289 409 4335; x_wconf 73' lang='lat'>14</span> <span class='ocrx_word' id='word_1_403' title='bbox 423 4282 570 4335; x_wconf 69' lang='lat' dir='ltr'>uiridiorum</span> <span class='ocrx_word' id='word_1_404' title='bbox 624 4280 654 4333; x_wconf 90' lang='lat' dir='ltr'>in</span> <span class='ocrx_word' id='word_1_405' title='bbox 663 4278 824 4348; x_wconf 86' lang='lat' dir='ltr'>Bithynieu,</span> <span class='ocrx_word' id='word_1_406' title='bbox 833 4280 912 4334; x_wconf 83' lang='lat' dir='ltr'>ward</span> <span class='ocrx_word' id='word_1_407' title='bbox 921 4281 1003 4334; x_wconf 87' lang='lat' dir='ltr'>unter</span> <span class='ocrx_word' id='word_1_408' title='bbox 1013 4276 1103 4333; x_wconf 85' lang='lat' dir='ltr'>Galba</span> <span class='ocrx_word' id='word_1_409' title='bbox 1109 4276 1183 4331; x_wconf 85' lang='lat' dir='ltr'>nach</span> 
     </span>
     <span class='ocr_line' id='line_1_48' title="bbox 98 4350 941 4407; baseline -0.002 -1"><span class='ocrx_word' id='word_1_410' title='bbox 98 4354 139 4406; x_wconf 67' lang='lat' dir='ltr'>iis</span> <span class='ocrx_word' id='word_1_411' title='bbox 156 4356 296 4407; x_wconf 64' lang='lat' dir='ltr'>itinerum.</span> <span class='ocrx_word' id='word_1_412' title='bbox 623 4350 696 4403; x_wconf 83' lang='lat' dir='ltr'>Rom</span> <span class='ocrx_word' id='word_1_413' title='bbox 714 4350 941 4405; x_wconf 79' lang='lat' dir='ltr'>zuriickberufen.</span> 
     </span>
    </p>
   </div>
   <div class='ocr_carea' id='block_1_8' title="bbox 0 0 1366 4762">
    <p class='ocr_par' dir='ltr' id='par_1_11' title="bbox 0 0 1366 4762">
     <span class='ocr_line' id='line_1_49' title="bbox 0 0 1366 4762; baseline 0 0"><span class='ocrx_word' id='word_1_414' title='bbox 0 0 1366 4762; x_wconf 95' lang='lat' dir='ltr'> </span> 
     </span>
    </p>
   </div>
  </div>
 </body>
</html>
