2722 4762
171 165 233 230 138
491 164 664 220 CORNELII
683 164 805 219 TAGITI
823 164 1021 259 nnuman

168 331 262 411 esset,
285 327 370 412 quod
393 349 444 391 me
467 328 655 410 parentibus
679 327 790 392 liberis
813 328 938 412 patriae
961 327 1049 392 intra
1067 328 1217 393 iuventar

132 433 148 480 5
168 421 295 480 maturo
316 416 402 480 exitu
421 419 586 499 raperent3
605 437 691 481 nunc
710 417 827 481 scelere
846 414 975 481 Pisonis
995 419 1028 480 et
1045 415 1217 482 Plancinae

168 509 280 589 ceptus
310 503 442 569 ultimas
475 526 585 587 preces
617 505 803 587 pectoribus
834 505 951 569 vestris
989 504 1155 590 relinquo:
1195 528 1217 569 rr

166 593 253 677 patri
276 615 313 656 ac
335 593 440 677 fratri,
463 593 578 677 quibus
599 593 829 658 acerbitatibus
848 593 1049 672 dilaceratus,
1080 594 1200 677 quibus

169 681 404 746 circumventus
436 682 652 746 miserrimam
682 682 786 746 vitam
817 682 959 765 pessima
990 684 1094 746 morte
1123 682 1217 747 finier

167 792 248 854 quos
272 792 345 853 spes
368 791 467 848 meae,
491 771 519 834 si
543 791 622 854 quos
648 771 849 854 propinquus
869 770 1011 853 sanguia,
1034 770 1135 834 etiam
1158 792 1217 855 quc

127 874 158 922 10
170 859 224 922 dia
247 879 325 944 erga
347 859 510 923 viventem
534 859 696 939 movebat,
717 859 970 923 inlacrimabunt
986 859 1153 942 quondam
1174 860 1217 923 flo

168 950 201 1012 et
213 949 265 1012 tot
283 947 444 1011 bellorum
463 947 669 1031 superstitem
687 947 838 1012 muliebri
855 947 968 1011 fraude
987 947 1151 1013 cecidisse.
1174 949 1217 1012 eri

167 1036 257 1100 locus
281 1035 435 1119 querendi
459 1035 545 1119 apud
569 1039 725 1120 senatum,
748 1036 919 1100 invocandi
941 1031 1038 1120 leges.
1074 1057 1143 1101 non
1166 1035 1217 1102 hor

166 1124 296 1207 cipuum
311 1124 488 1188 amicorum
502 1146 619 1187 munus
635 1127 692 1207 est,
710 1124 863 1209 prosequi
882 1124 1067 1188 defunctum
1080 1125 1203 1209 ignavo

169 1211 225 1276 sed
249 1233 330 1296 quae
354 1211 493 1276 voluerit
515 1213 710 1295 meminisse,
734 1235 815 1297 quae
834 1212 1038 1277 mandaverit
1055 1213 1197 1298 exsequi.

124 1315 156 1363 15
168 1297 397 1364 Germanicum
420 1301 519 1365 etiam
538 1301 657 1384 ignoti:
680 1301 886 1365 vindicabitis
909 1321 977 1384 vos,
999 1302 1097 1366 sime
1116 1302 1217 1385 potiur

166 1389 332 1452 fortunam
374 1410 480 1452 meam
516 1388 683 1454 fovebatis.
729 1390 891 1454 ostendite
926 1387 1048 1474 populo
1085 1389 1217 1454 Roman

165 1477 307 1561 Augusti
330 1481 460 1560 neptem
491 1478 688 1561 eandemque
726 1479 897 1562 coniugem
931 1499 1052 1560 meam,
1083 1499 1217 1543 numera

164 1565 292 1629 liberos.
338 1565 558 1630 misericordia
601 1587 673 1629 cum
712 1567 939 1631 accusantibus
976 1566 1051 1650 erit,
1080 1567 1218 1651 fingenti

166 1653 301 1718 scelesta
324 1653 477 1718 mandata
496 1658 552 1718 aut
574 1675 641 1718 non
665 1654 796 1719 credent
812 1654 962 1719 homines
982 1658 1040 1718 aut
1062 1676 1130 1719 non
1149 1655 1217 1739 ign(

121 1756 155 1805 20
165 1741 311 1806 iuravere
334 1742 438 1826 amici,
462 1742 608 1807 dextram
631 1743 800 1807 morientis
825 1743 1066 1827 contingentes,
1091 1743 1217 1827 spiritur

168 1852 266 1915 quam
289 1829 446 1895 ultionem
471 1832 656 1896 amissuros.

117 1919 159 1983 72
261 1919 344 1984 Tum
363 1919 402 1983 ad
422 1942 555 1984 uxorem
578 1941 690 1984 versus
713 1941 771 2003 per
789 1919 979 1984 memoriam
998 1919 1058 2003 sui,
1080 1941 1138 2003 per
1158 1941 1217 1986 con

164 2008 286 2072 liberos
311 2008 425 2091 oravit,
449 2011 579 2072 exueret
596 2008 762 2091 ferociam,
786 2009 942 2072 saevienti
964 2008 1116 2073 fortunae
1140 2009 1217 2072 subr

168 2097 326 2179 animum,
348 2117 412 2159 neu
439 2116 588 2180 regressa
624 2097 659 2159 in
685 2097 799 2160 urbem
832 2096 1047 2161 aemulatione
1074 2098 1217 2180 potentia

168 2183 275 2247 diores
298 2184 456 2247 inritarct.
496 2183 577 2249 haec
603 2186 713 2268 palam
742 2189 774 2249 et
797 2185 862 2249 alia
886 2188 1023 2267 secrete,
1045 2206 1105 2269 per
1127 2207 1212 2269 quae

130 2287 145 2334 5
165 2272 240 2336 dere
259 2270 449 2335 credebatur
466 2276 589 2336 metum
608 2295 646 2337 ex
665 2273 806 2338 Tiberio.
837 2294 941 2356 neque
958 2273 1063 2338 multo
1081 2278 1159 2357 post
1179 2296 1218 2338 ex

164 2364 232 2444 tur,
258 2359 386 2444 ingenti
417 2361 505 2425 luctu
532 2362 716 2445 provinciae
751 2365 784 2426 εὴ
813 2361 1109 2427 circumiacentium
1136 2384 1217 2446 popr

164 2448 329 2512 indoluere
344 2452 471 2513 exterae
490 2454 638 2514 nationes
657 2471 826 2536 regesque:
846 2454 940 2514 tanta
957 2451 1007 2514 illi
1021 2449 1158 2515 comitas
1173 2452 1208 2515 in

166 2536 378 2600 mansuetudo
397 2537 432 2600 in
453 2537 571 2623 hostis3
594 2539 729 2623 visuque
748 2543 782 2602 et
805 2539 915 2603 auditu
933 2539 1025 2603 iuxta
1042 2539 1217 2603 venerabili

164 2620 420 2708 magnitudinem
444 2629 477 2689 et
499 2627 693 2712 gravitatem
723 2648 868 2692 summac
895 2621 1056 2692 fortunae
1070 2627 1217 2691 retineret

122 2729 154 2776 10
167 2713 253 2779 diam
277 2717 310 2777 st
333 2713 557 2799 adrogantiam
582 2715 747 2800 effugerat.

112 2802 153 2865 73
252 2802 363 2867 Funus
383 2803 451 2867 sine
470 2804 668 2890 imaginibus
688 2808 721 2868 et
743 2826 863 2888 pompa
886 2826 944 2887 per
962 2803 1073 2868 laudes
1092 2824 1130 2889 ac
1149 2827 1217 2869 mer

164 2892 320 2957 virtutum
340 2893 408 2956 eius
424 2894 546 2958 celebre
564 2893 635 2959 fuit.
668 2898 700 2957 et
719 2896 813 2957 erant
832 2893 887 2978 qui
904 2893 1052 2974 formam,
1071 2896 1217 2977 aetatem2

164 2982 296 3065 mortis,
320 2983 362 3046 ob
385 2982 660 3066 propinquitatem
684 2982 784 3046 etiam
806 2981 968 3064 locorum,
994 2981 1030 3045 in
1059 2981 1178 3064 quibus
1208 2984 1217 3046 i

163 3070 277 3154 magni
305 3069 481 3134 Alexandri
518 3071 595 3135 fatis
626 3071 853 3154 adaequarent.
889 3091 967 3133 nam
1001 3072 1175 3153 utrumque
1208 3093 1217 3135 r

200 3194 224 3242 4.
244 3189 322 3241 intra
340 3189 485 3243 iacentum.
506 3189 640 3244 Derselbe
653 3190 724 3242 Aue·
781 3191 918 3245 credidere
934 3190 1048 3259 quidam
1066 3191 1135 3245 data
1152 3195 1178 3245 et
1197 3209 1215 3246 a

165 3257 254 3311 druck
272 3264 297 3324 2,
317 3263 360 3311 41.
780 3263 886 3315 sceatta
903 3261 1038 3316 mandute
1057 3263 1106 3317 ctt.

201 3332 226 3383 t.
258 3329 419 3396 intercipere
443 3345 510 3396 „aus
535 3329 584 3384 der
601 3329 723 3384 Lebens-
815 3349 862 3406 ῃ,
882 3355 907 3404 2,
925 3350 1063 3416 ferociam·
1084 3347 1131 3404 εἰ,
1145 3367 1205 3404 war

162 3397 239 3452 bahn
256 3397 389 3466 reissen“,
413 3398 466 3452 wie
484 3400 550 3469 Agr.
570 3407 603 3454 43
623 3416 724 3455 certene
778 3419 1030 3474 denschafffichem
1054 3419 1211 3475 ohmkter

162 3470 327 3539 interceptus
341 3469 490 3537 undbfter‚
505 3472 562 3525 erst
575 3470 723 3525 imsilber·
777 3496 858 3559 atque
879 3491 943 3560 ‘ipsa
965 3492 1129 3560 Afflppim
1151 3494 1217 3560 pam

164 3557 219 3595 nen
238 3540 347 3609 Latein,
365 3540 538 3596 namcntlich
551 3542 598 3596 bei
608 3542 720 3596 Sueten.
776 3563 874 3616 morior
892 3562 941 3616 cst·

70 3658 71 3661 ,
200 3617 242 3666 11.
285 3613 414 3667 bellorum
450 3613 634 3681 superstitem,
669 3612 722 3667 wie
813 3654 829 3703 ὅ
972 3651 1014 3704 m
1043 3649 1066 3703 Τ
1104 3648 1145 3705 qu
1189 3650 1217 3704 ὃ,

164 3681 256 3738 Germ.
276 3690 292 3738 6
316 3685 447 3754 multique
469 3685 627 3753 superstites
645 3684 723 3738 bello·
817 3691 838 3774 t·
880 3666 913 3704 ⁶³⁶
919 3667 972 3774 (1⁸⁰
983 3683 986 3697 '
988 3726 1013 3775 et
1068 3666 1174 3776 ’1θῶἳῦ
1212 3723 1217 3776 q

163 3768 226 3806 rem
261 3755 409 3821 infamiam
445 3755 542 3824 laqueo
581 3755 722 3822 [inierat.
776 3737 918 3845 mem?
946 3736 1086 3846 :nem
1103 3739 1211 3846 mma

164 3839 227 3876 ann.
248 3828 277 3891 1,
297 3831 329 3879 61
360 3826 447 3881 cladis
473 3827 532 3880 eiua
558 3826 723 3894 superstites.
778 3810 901 3916 &oper
912 3835 968 3917 'des
987 3808 1103 3917 Jahref
1108 3868 1141 3917 19
1186 3833 1195 3859 ’

163 3892 217 3946 Mit
234 3893 299 3948 dem
317 3895 404 3951 Dativ
423 3902 448 3964 ὅ,
467 3903 492 3951 8.
532 3895 624 3952 Germ.
646 3902 688 3953 14.
865 3951 870 3961 ,
1040 3951 1046 3962 ⁸
1114 3950 1121 3962 ,
1208 3952 1214 3963 Ι

201 3968 242 4021 17,
275 3971 396 4033 mam,
421 3966 509 4022 (1ῃῖοῇ
533 3968 594 4022 ihre
616 3967 722 4021 Maeror
815 3956 839 4005 7.
858 3950 1020 4005 indolescere
1037 3952 1076 4006 ist
1093 3951 1217 4006 drchten

162 4034 251 4102 runa,
280 4036 325 4089 ua
350 4037 472 4092 Tochter
498 4039 547 4093 ua
569 4040 721 4108 Augustus.
775 4021 995 4076 nachklassisoh.

164 4137 197 4144 -
215 4121 262 4160 sec
281 4106 391 4176 liberos,
415 4108 539 4162 ndmliclr
563 4109 609 4163 die
633 4109 723 4163 zulezt
812 4117 837 4165 9.
856 4111 972 4177 fortuna
988 4108 1027 4164 ist
1045 4109 1091 4164 dia
1110 4109 1217 4178 „Stella

163 4176 286 4246 gebome
306 4176 384 4231 Julia
397 4178 454 4231 und
469 4178 515 4232 die
528 4179 598 4249 funs,
618 4180 723 4234 welche
776 4181 885 4248 Leben‚
904 4180 957 4234 wie
975 4186 1001 4249 4,
1022 4186 1055 4236 18
1079 4180 1186 4236 destrui
1203 4198 1217 4252 1

163 4265 197 4301 zu
217 4265 258 4317 cp.
278 4253 311 4302 41
331 4247 482 4317 angefnhrt
500 4249 571 4305 sind.
776 4253 919 4319 fortmram
937 4267 1025 4318 auam,
1043 4251 1102 4306 und
1120 4251 1202 4307 litter.

200 4324 241 4376 19.
265 4319 374 4375 scelesto
392 4320 533 4375 mandata.
551 4320 615 4390 Vgl.
631 4337 673 4391 cp.
689 4327 723 4376 43
815 4322 862 4378 te.
885 4329 911 4377 4.
936 4323 1091 4391 adaequare
1113 4324 1217 4393 „verglr
