2722 4762
163 167 225 231 102
484 165 656 220 CORNELII
675 164 796 219 TAClTI
814 162 1010 218 ANNALIUM

161 331 307 414 legiones
339 329 426 393 haud
456 329 701 412 imperatorium
738 332 841 410 ratus,
873 327 1012 411 equitem
1048 326 1132 391 vado
1171 329 1230 390 tra]

162 419 329 502 praefuere
366 417 537 483 Stertinius
579 423 611 483 et
647 441 664 482 e
705 438 840 481 numero
876 415 1126 499 primipilarium
1164 415 1230 479 Aer

127 525 142 572 5
162 508 357 572 distantibus
378 508 457 577 locis
476 509 602 590 invecti,
626 512 662 571 ut
679 506 807 571 hostem
826 505 1027 569 deducerent.
1064 525 1129 589 qua
1148 505 1230 569 celer

162 597 276 680 amnis,
291 595 505 662 Chariovalda
520 597 582 660 dux
597 595 793 660 Batavorum
813 595 927 678 erupit.
961 615 1033 657 eum
1049 591 1207 658 Cherusci
1221 594 1230 656 l

162 686 351 750 simulantes
383 687 417 748 in
446 686 613 769 planitiem
646 685 782 748 saltibus
812 683 1050 748 circumiectam
1082 684 1226 765 traxere,

162 776 264 839 coorti
288 779 321 838 et
351 775 490 858 undique
519 775 612 838 effusi
640 774 775 838 trudunt
803 773 968 854 adversos,
995 771 1122 835 instant
1145 771 1230 835 cede]

162 863 377 948 collectosque
400 865 435 927 in
459 863 570 928 orbem
598 885 671 946 pars
700 862 879 946 congressi,
904 861 1033 945 quidam
1057 861 1183 925 eminus
1207 883 1228 943 p

119 969 152 1017 10
163 952 250 1018 bant.
293 950 507 1017 Chariovalda
537 951 591 1014 diu
615 954 797 1015 sustentata
826 950 968 1014 hostium
1001 947 1151 1026 saevitia,
1184 947 1230 1013 ho]

163 1063 238 1106 suos
262 1046 298 1106 ut
321 1043 508 1127 ingruentes
542 1045 686 1105 catervas
719 1041 816 1124 globo
849 1039 1099 1123 perfringerent,
1129 1041 1228 1122 atque

162 1131 370 1194 densissimos
390 1131 587 1212 inrumpens,
611 1129 770 1213 congestis
789 1127 863 1192 telis
888 1131 921 1191 et
943 1126 1081 1191 suffosso
1100 1148 1182 1210 equo
1204 1127 1230 1190 la

162 1240 199 1282 ac
232 1219 327 1282 multi
357 1219 514 1283 nobilium
549 1220 645 1282 circa:
683 1221 805 1282 ceteros
838 1217 886 1281 vis
919 1239 979 1280 sua
1008 1219 1065 1280 aut
1101 1216 1227 1300 equites

165 1305 318 1371 Stertinio
342 1306 545 1390 Aemilioque
570 1307 795 1371 subvenientes
819 1306 961 1389 periculo
985 1325 1139 1369 exemere.

113 1396 153 1458 12
254 1393 372 1460 Caesar
396 1401 618 1481 transgressus
642 1395 810 1480 Visurgim
833 1393 951 1458 indicio
980 1393 1135 1478 perfugae
1166 1415 1230 1478 cog

164 1485 322 1549 delectum
360 1485 400 1548 ab
438 1486 585 1549 Arminio
627 1486 733 1549 locum
774 1504 919 1567 pugnae3
956 1483 1146 1547 convenisse
1182 1487 1216 1546 ct

163 1574 314 1637 nationes
351 1575 385 1637 in
422 1574 536 1638 silvam
573 1573 703 1637 Herculi
745 1594 868 1637 sacram
906 1593 1102 1655 ausurosque
1140 1576 1230 1636 noctu

163 1665 342 1726 castrorum
366 1664 650 1747 oppugnationem.
687 1662 799 1726 habita
830 1660 930 1725 indici
957 1661 1037 1724 fides
1061 1664 1094 1725 et
1117 1661 1230 1724 cerneb

126 1752 270 1835 signes,
312 1752 539 1837 suggressique
585 1752 717 1836 propius
760 1751 977 1834 speculatores
1022 1749 1125 1813 audiri
1167 1750 1230 1813 frer

162 1863 317 1926 equorum
349 1842 550 1925 inmensique
583 1845 615 1904 et
650 1840 807 1904 inconditi
839 1839 978 1923 agminis
1009 1860 1156 1902 murmur
1188 1842 1230 1902 att

161 1930 262 2014 igitur
285 1931 469 2014 propinquo
496 1951 640 1995 summae
663 1931 710 1992 rei
733 1929 916 1993 discrimine
947 1927 1162 2010 explorandos
1191 1927 1230 1990 mi

162 2019 285 2083 animos
319 2023 423 2102 ratus,
456 2041 597 2102 quonam
629 2018 662 2081 id
698 2018 793 2082 modo
831 2018 1053 2098 incorruptum
1089 2016 1187 2098 foret,
1223 2038 1230 2079 ε

163 2108 319 2191 agitabat.
355 2108 504 2171 tribunos
528 2112 560 2170 et
579 2107 781 2171 centuriones
800 2107 885 2169 laeta
904 2105 1030 2189 saepius
1050 2127 1147 2189 quam
1167 2127 1230 2168 com

119 2211 152 2259 10
162 2197 322 2279 nuntiare,
340 2196 529 2260 libertorum
544 2196 672 2259 servilia
690 2196 830 2278 ingenia,
849 2194 960 2258 amicis
978 2195 1084 2258 inesse
1099 2193 1230 2257 adulati(

164 2285 190 2346 si
214 2284 321 2348 contio
345 2288 492 2366 vocetur,
515 2285 581 2348 illic
604 2306 731 2368 quoque
764 2305 844 2369 quae
877 2284 972 2366 pauci
1003 2282 1161 2365 incipiant
1192 2283 1230 2346 re]

163 2372 356 2456 adstrepere.
396 2373 524 2456 penitus
556 2374 736 2437 noscendas
766 2377 905 2454 mentes,
934 2393 1007 2436 cunr
1030 2373 1145 2436 secreti
1178 2376 1211 2434 et

165 2462 278 2525 stoditi
300 2462 383 2525 inter
406 2462 556 2526 militaris
581 2462 669 2526 cibos
693 2483 782 2545 spem
806 2465 862 2524 aut
884 2463 1006 2524 metum
1024 2459 1214 2544 proferrent.

112 2550 152 2613 13
254 2549 357 2614 Nocte
390 2555 505 2634 coepta
537 2572 684 2635 egressus
714 2550 862 2634 augurali
892 2571 950 2632 per
973 2549 1098 2614 occulta
1126 2553 1159 2613 et
1181 2550 1230 2634 vig

162 2639 285 2722 ignara,
309 2641 426 2703 comite
450 2662 524 2724 uno,
547 2644 713 2704 contectus
738 2661 864 2703 umeros
883 2638 987 2702 ferina
1010 2637 1103 2722 pelle,
1126 2638 1230 2702 adite

163 2750 235 2791 rum
258 2728 341 2810 viae,
373 2728 502 2793 adsistit
533 2730 748 2794 tabernaculis
772 2727 953 2811 fruiturque
975 2728 1065 2790 fama
1088 2727 1151 2809 sui,
1185 2749 1230 2791 cur

162 2818 368 2882 nobilitatem
387 2818 484 2901 ducin,
503 2819 650 2883 decorem
665 2818 756 2896 alius,
774 2817 905 2900 plurimi
919 2816 1119 2899 patientiam,
1134 2817 1230 2880 comit

127 2923 142 2971 5
162 2928 220 2988 per
242 2907 326 2971 seria
349 2929 406 2992 per
428 2908 516 2972 iocos
545 2908 681 2972 eundem
705 2907 846 2970 animum
874 2905 1022 2970 laudibus
1050 2903 1173 2969 ferrent
1201 2927 1230 2968 re

162 2996 300 3082 demque
324 2997 463 3081 gratiam
487 2998 522 3060 in
546 2998 612 3061 acie
636 2997 823 3077 faterentur,
847 2993 944 3058 simul
961 2994 1100 3077 perfidos
1129 2997 1161 3057 et
1184 3017 1230 3076 ru]

197 3141 222 3187 3.
253 3136 305 3189 Die
329 3135 574 3205 Substantivirung
596 3152 653 3189 von
670 3137 718 3189 irn-
772 3152 824 3188 nur
849 3134 922 3187 noch
950 3133 977 3186 h.
997 3139 1022 3201 4,
1042 3139 1075 3187 49
1104 3137 1136 3186 nt
1162 3135 1230 3187 code

157 3207 330 3273 peratorinrn
348 3206 387 3259 iet
405 3223 460 3260 neu
478 3207 534 3259 und
549 3207 718 3275 ungewdhn-
772 3210 926 3271 streperent.
1206 3258 1211 3269 ,

162 3274 227 3329 lich.
262 3275 289 3328 S.
308 3276 380 3331 Einl.
400 3282 423 3341 5.
443 3285 468 3344 5,
487 3277 514 3329 b.
626 3295 632 3304 ⁴
809 3276 857 3335 13.
893 3282 916 3330 1.
949 3280 1042 3343 coepto
1061 3300 1094 3320 =
1114 3276 1189 3342 crta,
1210 3293 1230 3330 s.

198 3352 224 3400 4.
256 3346 325 3400 Wer
343 3348 506 3415 prirnr‘pr'lns
529 3363 656 3417 gcvvesen
674 3346 719 3415 ist,
774 3354 859 3402 65.—
870 3347 1004 3415 nnanatc
1021 3346 1060 3400 ist
1078 3345 1139 3399 hier
1153 3345 1230 3400 dasl

162 3417 250 3471 heisst
263 3419 452 3486 primipilaris
471 3418 527 3471 und
541 3419 642 3487 gehdrt
656 3419 720 3472 dem
773 3418 854 3486 rium,
873 3418 925 3472 wie
945 3418 1016 3471 auch
1036 3416 1152 3481 Quintil.
1172 3423 1198 3483 8,
1218 3424 1230 3471 t

162 3489 353 3543 Ritterstande
373 3507 416 3543 an.
810 3497 834 3542 2.
867 3493 1002 3543 contectas
1019 3504 1137 3555 umcros,
1162 3487 1215 3542 vvie

198 3567 223 3615 5.
260 3561 388 3615 dedncerc
407 3560 552 3615 ablenken.
773 3562 874 3614 otlttns
910 3561 1008 3626 faciem
1044 3575 1094 3613 sno
1125 3575 1228 3615 cruore.

200 3639 241 3685 12.
279 3632 370 3686 Ueber
397 3634 553 3700 inrumpere
578 3631 631 3685 mit
656 3630 720 3686 dem
773 3632 844 3686 Einl.
864 3637 887 3697 ξ.
907 3637 951 3685 24.

163 3702 274 3757 blossen
298 3705 447 3758 Accusativ
471 3722 491 3757 s.
511 3722 546 3757 zu
565 3710 591 3770 1,
611 3708 645 3757 48
663 3703 720 3757 und
808 3710 833 3758 3.
870 3705 947 3770 fama
965 3702 1019 3770 sni,
1038 3700 1091 3755 wie
1112 3708 1136 3768 1,
1156 3707 1189 3755 14
1209 3703 1230 3755 d

162 3773 235 3827 Einl.
255 3779 279 3838 ς.
299 3781 341 3841 25,
362 3792 384 3831 c.
773 3777 872 3829 tionem
890 3775 942 3827 snr'.
971 3779 996 3840 3,
1016 3779 1049 3827 67
1069 3774 1230 3838 deformiore

200 3843 246 3899 12.
283 3851 308 3898 3.
345 3845 402 3899 Fur
427 3847 480 3900 den
507 3845 720 3916 germanischen
773 3852 807 3899 24
826 3847 949 3900 conditor
968 3845 1063 3899 nostri.

162 3914 295 3969 Hercules
328 3916 423 3970 halten
452 3917 544 3985 einige
573 3917 627 3970 den
652 3915 720 3970 oon
809 3923 832 3972 ὁ.
866 3919 946 3970 iocos.
980 3914 1097 3968 Scherae
1116 3914 1230 3970 konnter

163 3985 269 4054 Donar,
298 3985 400 4041 andere
428 3988 491 4055 (wie
514 3988 576 4042 Jak.
602 3985 718 4056 Grimm)
772 3988 837 4042 dem
871 3986 1025 4041 Charakter
1064 3986 1113 4039 des
1150 3986 1230 4041 Germ

163 4057 217 4110 den
234 4055 329 4111 Irmin.
772 4060 852 4113 nicht
871 4059 912 4112 oft
930 4058 1126 4124 vorkommen3
1145 4057 1214 4111 aber
1228 4084 1230 4124 p

199 4134 223 4182 5.
249 4129 378 4196 snppredr'
396 4129 434 4182 ist
451 4146 505 4182 vox
524 4129 648 4197 Tacitea,
667 4137 719 4183 nur
772 4131 836 4184 weil
855 4130 895 4184 sie
913 4130 1002 4184 selten
1020 4145 1127 4196 waren,
1152 4129 1230 4182 wirlrt

162 4199 192 4253 in
210 4200 263 4253 den
281 4199 417 4253 Annalen.
773 4199 979 4256 aufmunternd.

200 4277 241 4324 12.
266 4271 420 4338 adstrepere
434 4269 521 4323 findet
535 4269 594 4323 sich
610 4271 667 4324 erst
680 4270 719 4323 im
810 4278 833 4325 6.
853 4276 959 4338 rnptor,
979 4272 1052 4324 auch
1065 4269 1130 4325 hist.
1145 4277 1171 4337 4,
1186 4275 1229 4337 57,

162 4342 303 4397 silbernen
326 4341 438 4408 Latein,
462 4339 515 4394 mit
538 4341 601 4394 dem
621 4341 718 4394 Aecus.
773 4342 834 4395 sich
853 4343 944 4394 zuerst
962 4342 1008 4397 bei
1026 4341 1128 4396 Livius.
