2752 4784
350 240 461 295 LIBER
477 240 538 297 XII.
574 240 654 296 oAP.
673 245 787 297 48-51.
1112 232 1154 301 61

92 392 125 457 vi
138 394 377 476 composuerat,
400 414 473 457 cum
490 390 593 455 redire
616 392 650 454 in
666 388 793 456 Suriam
806 391 948 475 iubetur,
971 411 1012 455 ne
1025 391 1155 458 initium

92 480 235 546 adversus
257 478 397 545 Parthos
420 481 578 544 existeret.

92 568 158 635 lam
184 568 362 654 Vologeses
403 591 514 635 casum
545 567 744 653 invadendae
776 566 949 631 Armeniae
987 566 1210 635 obvenisseoo

113 680 209 743 quam
239 658 457 723 amatoribus
481 657 548 722 suis
571 678 753 739 possessam
777 659 926 720 externus
950 679 1007 721 rex
1028 658 1154 743 flagitio

92 750 155 830 ret,
186 747 352 812 contrahit
383 745 492 831 copias
525 746 721 828 fratremque
743 744 910 808 Tiridaten
939 745 1093 811 deducere
1120 749 1156 812 in

92 859 118 900 m
140 837 249 918 parat,
280 858 321 900 ne
353 858 417 920 qua
449 858 523 918 pars
552 835 665 898 domus
694 834 762 897 sine
785 833 920 916 imperio
944 837 1063 919 ageret.
1107 836 1155 900 in·

97 923 292 989 Parthorum
315 924 385 988 sine
409 926 477 988 acie
499 923 584 1007 pulsi
606 921 733 1005 Hiberi,
756 923 914 1005 urbesque
927 920 1190 993 Armeniorum5

92 1016 142 1077 ata
164 1015 197 1077 et
209 1012 442 1097 Tigranocerta
464 1013 575 1096 iugum
595 1032 753 1094 accepere.
799 1010 912 1074 deinde
936 1013 1029 1076 atrox
1051 1012 1154 1079 hiems

94 1123 185 1166 arum
212 1102 332 1186 provisi
360 1104 557 1166 commeatus
585 1103 618 1163 et
645 1103 717 1164 orta
745 1122 783 1162 ex
810 1102 946 1184 utroque
969 1101 1062 1165 tabes
1085 1123 1155 1186 per·

92 1193 107 1253 t
128 1188 313 1275 Vologesen
336 1191 483 1256 omittere
506 1189 697 1272 praesentia.
742 1210 940 1272 vacuamque
963 1211 1072 1254 rursus
1095 1189 1156 1255 Ar·

91 1301 124 1342 m
137 1277 345 1343 Radamistus
364 1279 495 1362 invasit,
518 1277 729 1341 truculentior
743 1299 841 1362 quam
856 1279 965 1359 antea,
987 1281 1155 1363 tamquam

92 1390 137 1432 rus
169 1367 346 1432 defectores
384 1370 417 1432 et
448 1368 484 1431 in
518 1370 665 1449 tempore
696 1365 916 1430 rebellaturos.
971 1369 1068 1451 atque
1099 1369 1208 1453 illi,10

92 1456 129 1520 ris
154 1456 284 1521 servitio
308 1456 403 1540 sueti,
426 1456 618 1539 patientiam
636 1455 832 1537 abrumpunt
851 1456 1014 1539 armisque
1031 1458 1156 1542 regiam

91 1545 244 1609 iveniunt.

92 1632 140 1698 lec
184 1633 272 1698 aliud
307 1632 497 1697 Radamisto
535 1631 712 1697 subsidium
748 1632 811 1695 fuit
849 1654 945 1715 quam
981 1634 1155 1716 pernicitas
1165 1637 1207 1702 51

92 1745 151 1805 un,
183 1723 254 1806 quis
278 1744 375 1807 seque
403 1725 435 1785 et
457 1721 627 1806 coniugem
651 1720 793 1784 abstulit.
840 1719 896 1783 sed
919 1722 1059 1785 coniunx
1082 1744 1154 1808 gra-

92 1811 223 1894 primam
250 1813 423 1895 utcumque
448 1810 561 1894 fugam
589 1810 631 1873 ob
658 1810 780 1871 metum
806 1807 960 1872 hostilem
987 1813 1020 1873 et
1046 1813 1156 1876 mariti

92 1903 154 1963 tem
167 1900 331 1982 tolerarit3
354 1903 430 1982 post
447 1898 655 1962 festinatione
674 1897 839 1979 continua,
862 1896 917 1959 ubi
932 1898 1023 1980 quati
1045 1902 1155 1965 uterus

92 2010 153 2053 aera
166 1988 343 2072 vibrantur,
357 2009 449 2052 orare
463 1991 500 2051 ut
513 1989 617 2051 morte
625 1987 763 2050 honesta
773 1985 975 2049 contumeliis
986 1988 1155 2070 captivita-
1174 2010 1190 2062 5

92 2080 235 2141 meretur.
264 2077 319 2140 ille
333 2077 437 2160 primo
448 2075 598 2159 amplecti
608 2074 756 2139 adlevare
766 2073 939 2157 adhortari,
950 2074 1045 2140 modo
1055 2077 1155 2142 virtu·

92 2165 241 2249 lmirans,
259 2165 354 2230 modo
368 2165 483 2231 timore
499 2184 606 2249 aeger,
623 2186 664 2227 ne
684 2164 755 2249 quis
771 2162 882 2226 relicta
898 2165 1072 2246 poteretur.
1098 2189 1156 2250 po·

92 2276 103 2319 >
126 2254 281 2319 violentia
299 2254 417 2318 amoris
441 2257 473 2317 et
495 2253 674 2317 facinorum
696 2273 765 2316 non
787 2251 875 2316 rudis
899 2251 1070 2337 destringit
1093 2255 1155 2319 aci-

92 2397 96 2406 .
116 2344 379 2428 vulneratamque
398 2343 503 2426 ripam
522 2342 563 2405 ad
578 2340 696 2405 Araxis
714 2341 827 2423 trahit,
845 2340 971 2404 flumini
988 2342 1099 2428 tradit,
1118 2348 1156 2407 ut

92 2456 99 2496 r
110 2432 208 2495 etiam
219 2432 408 2495 auferretur:
423 2431 492 2514 ipse
504 2451 657 2514 praeceps
667 2428 806 2494 Hiberos
818 2430 858 2493 ad
868 2430 1009 2512 patrium
1019 2452 1155 2517 regnum
1175 2456 1208 2509 10

92 2521 138 2584 lit.
183 2521 312 2584 interim
332 2519 506 2584 Zenobiam
529 2518 575 2604 (id
593 2518 719 2582 mulieri
733 2516 866 2603 nomen)
888 2518 1015 2600 placida
1037 2521 1155 2585 inluvie

92 2613 161 2674 ¹tem
185 2630 222 2673 aa
245 2609 329 2674 vitae
352 2608 558 2672 manifestam
577 2608 739 2671 advertere
758 2609 919 2691 pastores,
943 2612 974 2671 et
997 2608 1155 2694 dignitate

100 2897 123 2943 1.
161 2905 254 2944 casam
277 2891 347 2944 statt
370 2889 543 2955 occasionem,
633 2894 657 2943 3.
677 2887 1154 2957 ritcamqae=qaaliscamqaeerat,

103 2967 135 3014 13
154 2960 212 3013 und
230 2960 311 3026 citer,
334 2961 407 3014 nach
430 2959 544 3014 Sallust.
597 2958 651 3012 πίε
671 2965 695 3025 2,
716 2964 750 3011 14
772 2960 895 3026 primam
916 2963 1053 3028 atcmrqae
1071 2962 1156 3016 arima

92 3048 182 3086 cressa
206 3033 277 3086 statt
304 3033 458 3099 iaaasioae,
491 3029 544 3084 πίε
598 3031 741 3083 hastatam.
784 3030 825 3083 Ist
846 3028 973 3098 poetisch
995 3030 1054 3084 und
1071 3032 1156 3086 nach-

92 3104 174 3157 mimo
191 3104 237 3157 sai
255 3103 362 3157 iacessa
379 3103 459 3156 solvit
476 3102 545 3156 obsi·
600 3099 743 3158 klassisch.

636 3178 660 3225 4.
680 3172 729 3225 abi
747 3173 833 3239 quati.
868 3171 960 3225 Ueber
978 3171 1033 3227 den
1046 3172 1158 3228 histori-

92 3245 221 3311 rtaxata‚
250 3244 296 3298 die
325 3243 473 3311 Reddens,
498 3244 547 3313 lag
600 3242 686 3297 schen
712 3241 836 3296 Infinitiv
863 3242 892 3295 in
917 3242 1112 3299 Nebcns'ataen
1136 3262 1157 3299 s.

92 3316 129 3384 rh,
150 3333 196 3369 am
205 3315 429 3381 FlusseAraxes;
449 3312 547 3383 Tigra·
600 3313 672 3367 Einl.
692 3319 715 3379 ς.
736 3315 813 3382 aab.

92 3405 101 3440 a
142 3385 335 3454 stidwestlich,
378 3387 452 3440 etwa
487 3384 548 3439 drei
636 3391 661 3439 9.
681 3386 772 3453 ripam
791 3386 841 3451 ad,
868 3384 921 3439 πίε
941 3403 984 3455 cp.
1011 3393 1042 3440 11
1067 3388 1159 3454 ripam

92 3479 97 3510 r
115 3475 181 3511 vom
200 3458 303 3511 oberen
321 3455 421 3526 Tigris.
601 3456 638 3509 ud
656 3456 820 3524 Euphratis.
841 3463 865 3523 6,
881 3463 923 3511 31.
939 3463 981 3512 37.
1019 3456 1072 3511 Ι)ίε
1086 3457 1158 3511 Stel·

93 3530 219 3597 erpellere
245 3527 300 3581 mit
322 3528 386 3581 dem
411 3527 547 3597 Infinitiv3
599 3527 669 3595 lung
686 3526 724 3580 ist
742 3526 917 3581 dichterisch.

92 3607 122 3667 ,1,
142 3604 184 3652 29.
638 3603 678 3652 10.
711 3598 830 3651 Hiberos
863 3598 935 3651 ohne
967 3596 1157 3666 Prapositiom

92 3669 178 3724 Ueber
197 3670 252 3724 den
265 3668 412 3724 Gebrauch
430 3686 486 3723 von
504 3670 547 3723 de·
600 3668 646 3722 bei
664 3668 872 3722 volkernamen
893 3686 945 3720 nur
969 3668 1042 3721 noch
1061 3667 1091 3720 in
1110 3668 1159 3721 der

100 3759 121 3794 s.
139 3759 173 3794 au
198 3747 243 3809 11,
264 3748 288 3795 8.
315 3770 348 3779 —
373 3742 405 3794 ia
432 3746 548 3809 tempore
601 3738 808 3793 zweifelhaftcn
831 3737 918 3790 Stella
942 3755 984 3806 cp.
1004 3744 1046 3793 32.
1083 3736 1158 3793 Hau-

92 3811 232 3866 ·entlich“.
601 3810 671 3879 figor
689 3809 727 3863 ist
740 3808 787 3862 bei
801 3808 923 3862 anderen
937 3808 1160 3864 Schriftstellern

92 3884 256 3951 patientiam
285 3884 460 3950 abrumpam.
511 3880 548 3934 So
602 3881 651 3934 der
670 3879 820 3933 Accusativ
838 3896 894 3932 von
911 3879 1130 3939 Lindemamen.

92 3954 199 4020 ¹coitus,
218 3953 272 4007 πίε
292 3953 338 4007 die
357 3951 473 4006 Dichter
490 3952 548 4005 und
639 3957 679 4007 11.
709 3951 827 4004 imiamins
845 3949 1040 4021 ‚‚Strtmung“
1067 3951 1105 4006 ist
1130 3952 1160 4006 in

93 4043 144 4079 ass.
182 4025 348 4092 Prosaikcr‚
389 4025 548 4091 abrumpere
601 4022 706 4076 diesem
717 4020 801 4074 Sinne
812 4014 862 4074 da.
872 4019 922 4089 sip.
942 4021 1026 4078 Sonst
1035 4023 1123 4078 heisst
1131 4041 1159 4077 es

105 4097 198 4162 fidem,
229 4097 393 4163 calamitates,
422 4095 548 4148 <tissima
602 4092 1158 4163 „Ueberschwemmung“0d.‚,Schmuta“.

92 4184 125 4222 m.
640 4170 680 4217 12.
699 4164 860 4229 irrupismtas
877 4163 931 4217 mit
949 4165 1013 4219 dem
1032 4163 1159 4233 (tenetis,

602 4233 655 4288 πίε
674 4241 699 4301 2,
718 4240 752 4288 85
775 4235 832 4288 und
851 4235 931 4303 diter,
957 4236 1024 4290 aber
1051 4235 1108 4289 erst
1129 4234 1160 4288 in

92 4315 116 4363 2.
163 4307 255 4361 Ueber
279 4324 357 4375 seque
384 4312 409 4360 et
431 4324 451 4359 s.
475 4305 548 4360 Einl.
603 4305 657 4358 den
675 4305 810 4362 Annalen.
848 4306 1014 4361 Ausserdem
1035 4324 1088 4359 nur
1111 4305 1160 4359 bei

92 4397 111 4433 3,
602 4375 720 4431 Plautus
738 4377 796 4430 und
816 4376 927 4432 Sallust.
