2722 4762
93 200 136 264 84
413 200 587 255 CORNELII
607 201 730 257 ΤΑΟΙΤΙ
748 201 947 257 ANNALIUM

92 365 255 449 fossisque
283 363 528 447 impedimenta,
561 364 685 428 turbati
722 365 842 431 circum
874 366 1008 449 milites,
1045 365 1190 431 incertus
1223 365 1255 431 si·

93 475 231 538 gnorum
255 452 343 535 ordo,
366 456 464 536 utque
488 452 579 516 tali
570 475 606 517 ιιι
629 457 782 555 tempore,
810 454 874 519 sibi
898 454 1035 540 quisque
1057 458 1256 541 properusel·

92 543 198 606 lentae
231 541 441 606 adversum
432 543 569 625 rmperia
601 564 708 626 aures,
740 543 924 629 inrumpere
952 542 1137 611 Germanos
1167 544 1251 625 iubet,
1289 579 1293 617 ;

49 646 81 695 15
92 631 263 695 clamitans
291 629 343 694 en
369 629 477 694 Varus
509 630 683 732 eodemque
716 631 835 697 iterum
863 633 931 698 fato
960 632 1068 699 victae
1095 630 1252 721 legionesl’
1287 668 1293 707 ;

95 720 192 785 simul
215 720 308 803 hacc,
336 723 369 783 et
396 742 469 784 cum
497 719 610 784 delect
586 724 629 784 trs
657 720 776 785 scindit
761 724 917 806 tegmen
945 722 1103 807 equisque
1130 722 1253 787 maxime

93 809 228 873 vulnera
245 809 373 894 ingerit.
406 809 453 873 illi
474 809 631 894 sanguine
650 813 760 874 suoet
745 810 904 876 tlubrico
922 811 1080 894 paludum
1106 812 1252 896 lapsantes
1283 811 1293 886 ξ

93 899 234 963 excussis
262 898 441 963 rectoribus
471 898 603 962 disicere
632 899 758 982 obvios,
785 903 949 984 proterere
977 901 1130 966 iacentes.
1169 900 1253 985 pluri·
1281 934 1286 973 :

93 1009 165 1051 mus
190 988 274 1052 circa
298 987 422 1070 aquilas
442 986 544 1069 labor,
568 1009 650 1071 quae
672 1010 775 1072 neque
795 988 873 1053 ferri
892 989 1064 1054 adversum
1081 988 1253 1073 ingruentia

47 1080 106 1141 not
92 1077 157 1140 tela
179 1097 282 1160 neque
306 1076 363 1160 figi
386 1076 505 1139 limosa
528 1075 627 1140 humo
646 1080 808 1160 poterant
844 1076 984 1144 Caecina
1006 1077 1085 1143 dum
1108 1080 1255 1143 sustentat
1281 1136 1293 1149 ,.

92 1166 202 1253 aciem,
226 1164 363 1228 suffosso
384 1186 465 1249 equo
485 1163 636 1248 delapsus
656 1166 976 1249 circumveniebatur,
998 1167 1035 1231 ni
1052 1167 1162 1252 prima
1181 1165 1253 1253 legio
1283 1230 1293 1238 .

92 1275 162 1319 sese
187 1252 401 1336 opposuisset.
438 1253 521 1317 iuvit
548 1254 692 1318 hostium
720 1255 821 1320 avidit
807 1261 872 1340 tas,
904 1254 1027 1320 omissa
1054 1256 1154 1323 caede
1179 1276 1293 1341 prae:

92 1342 165 1405 dam
186 1341 393 1406 sectantium·
387 1342 585 1444 ,enisaeque
604 1342 749 1428 legiones
767 1347 1013 1427 vesperascente
1031 1344 1114 1409 die
1102 1366 1140 1409 m
1157 1346 1257 1429 aperta
1288 1408 1293 1415 .

92 1430 258 1494 etsolida.
295 1451 398 1514 neque
417 1431 444 1494 is
465 1431 668 1495 miseriarum
688 1432 772 1497 finis.
810 1434 999 1498 struendum
1012 1433 1145 1513 vallum,
1157 1436 1257 1517 peten-

46 1536 79 1584 ιι
91 1520 150 1583 dus
174 1540 288 1604 agger,
321 1519 441 1582 amissa
469 1540 587 1604 magna
615 1524 768 1604 exparte
795 1543 853 1604 per
881 1544 962 1605 quae
985 1522 1130 1607 egeritur
1151 1523 1257 1587 humus

90 1611 147 1672 aut
175 1607 332 1672 exciditur
359 1629 500 1692 caespes.
548 1630 614 1673 non
640 1610 782 1674 tentoria
810 1610 997 1693 manipulis,
1025 1632 1095 1675 non
1123 1611 1256 1677 fomenta

89 1697 220 1780 sauciis,
249 1695 386 1761 infectos
415 1718 515 1761 caeno
549 1702 606 1762 aut
633 1720 745 1762 cruore
782 1699 872 1763 cibos
905 1698 1084 1764 dividentes
1118 1699 1255 1765 funestas

88 1787 238 1851 tenebras
268 1789 300 1850 et
328 1789 379 1851 ιοι
405 1784 575 1851 hominurn
603 1787 735 1851 milibus
763 1809 864 1851 unum
893 1788 960 1852 iam
987 1787 1151 1873 reliquum
1179 1787 1255 1853 diem

87 1876 359 1939 lamentabantur.

37 1965 79 2030 66
177 1963 275 2029 Forte
306 1985 405 2047 equus
434 1963 582 2047 abruptis
609 1964 746 2029 vinculis
770 1985 871 2049 vagus
899 1968 932 2029 et
965 1965 1105 2030 clamore
1132 1964 1254 2031 territus

89 2052 246 2137 quosdam
279 2051 515 2116 occmrentium
552 2052 609 2116 obt
595 2053 746 2119 t.nrbavit
791 2056 884 2117 tanta
924 2053 1000 2117 inde
1042 2052 1253 2119 consternatio

87 2141 250 2224 inrupisse
274 2138 454 2203 Germanos
482 2140 622 2204 credent
598 2142 695 2223 trum,
722 2145 759 2204 ut
786 2142 894 2207 cuncti
920 2145 1052 2206 ruerent
1078 2141 1121 2207 ad
1141 2144 1250 2224 aare

88 2251 225 2313 quarum
248 2228 424 2292 decumana
447 2227 587 2292 maxime
609 2235 665 2312 pet
651 2191 741 2294 tebat
726 2233 787 2313 ιιιι,
811 2252 924 2295 aversa
941 2230 1030 2295 hosti
1053 2232 1088 2295 et
1109 2228 1250 2316 fugienti·

52 2319 148 2386 obus
171 2317 232 2381 tui
224 2339 281 2382 ιοι.
327 2314 468 2381 Caecina
500 2322 666 2400 comperto
696 2341 812 2383 vanam
845 2340 915 2384 esse
938 2318 1161 2405 formidinem,
1188 2337 1248 2383 eum

88 2411 199 2471 tamen
230 2426 334 2488 neque
367 2406 560 2470 auctoritate
592 2429 695 2491 neque
729 2407 891 2491 precibus,
922 2430 963 2472 ne
1000 2429 1100 2473 manu
1132 2368 1247 2492 qiridem

89 2495 193 2560 obsist
179 2499 247 2559 tere
267 2517 307 2558 au
309 2495 481 2559 tretinere
499 2495 635 2559 militem
655 2496 769 2580 quiret,
788 2497 977 2579 proiectus
968 2519 1002 2561 m
1020 2496 1134 2560 limine
1150 2498 1246 2595 portae

88 2583 297 2648 miseratione
316 2583 453 2667 demum,
473 2584 549 2667 quia
567 2606 759 2668 percorpus
778 2584 879 2669 legati
894 2582 1032 2650 eundum
1052 2589 1132 2665 erat,
1146 2580 1266 2649 clausit·

88 2672 184 2736 viam.
222 2672 318 2736 simul
354 2672 477 2737 iribuni
519 2676 552 2736 et
592 2674 796 2738 centuriones
837 2674 956 2738 falsum
996 2694 1152 2757 pavorem
1189 2688 1246 2737 esso
1275 2750 1278 2755 ,

44 2781 77 2829 10
87 2761 273 2826 docuerunt.
1255 2844 1258 2849 .

35 2855 77 2920 67
178 2850 270 2914 Tunc
293 2853 478 2916 contractos
501 2851 536 2914 in
559 2850 719 2952 principia
741 2850 910 2934 iussosque
930 2849 1017 2915 dicta
1035 2872 1110 2915 cum
1132 2846 1266 2916 silentio·

88 2941 232 3024 accipere
255 2941 410 3024 temporis
435 2961 472 3004 ac
495 2941 620 3004 necessi
620 2938 699 3008 tatis
722 2943 842 3003 monet.
869 2961 969 3003 unam
992 2939 1028 3002 in
1052 2939 1152 3004 armis
1174 2936 1244 3003 salu·
1262 2952 1265 2958 ’

86 3033 163 3113 tem,
187 3030 242 3093 sed
267 3051 305 3092 ea
328 3029 464 3095 consilio
489 3027 701 3112 temperanda
729 3027 989 3111 manendumque
1016 3027 1105 3092 intra
1132 3026 1270 3105 vallnmss

87 3117 188 3181 donec
212 3118 417 3200 expugnandi
444 3119 555 3182 hostes
585 3140 642 3201 spe
670 3117 804 3200 propius
828 3116 1047 3200 succederent,
1071 3136 1146 3181 mox
1168 3110 1244 3181 undi-
1263 3174 1266 3179 .

86 3309 151 3363 hist.
173 3316 196 3372 1,
216 3315 249 3362 47
270 3309 369 3362 animo.
403 3306 536 3362 Ebeuso
528 3326 567 3361 nn
581 3307 643 3361 Fol-
734 3308 782 3364 66.
802 3315 827 3362 2.
847 3309 1028 3363 consternatio
1046 3308 1086 3363 ιιι
1099 3310 1244 3365 zuerstvm

84 3380 194 3448 geoden
226 3379 275 3448 ιιι·
306 3380 403 3433 limoso
429 3380 522 3446 barno,
555 3379 644 3432 vvofiir
698 3379 795 3434 Livius
823 3380 991 3450 gebraucht,
1023 3379 1101 3434 darm
1126 3396 1181 3435 von
1202 3376 1245 3431 du

84 3450 243 3521 regelrecht
270 3456 303 3517 3,
323 3456 356 3503 63
384 3450 453 3518 ipsis
480 3451 512 3503 in
538 3452 644 3519 templis
697 3450 874 3505 Hrstonkern
883 3450 955 3506 nach
964 3450 1024 3504 ihm
1034 3449 1250 3533 aufgenommw·

83 3525 164 3592 ιιιοιι
183 3539 257 3576 οιιι.
734 3528 759 3576 4.
783 3539 893 3576 onerans
916 3521 969 3575 mit
987 3521 1051 3576 dem
1068 3521 1169 3591 Dativ,
1185 3514 1243 3575 aar

122 3601 163 3648 13.
183 3599 267 3648 nt=
286 3597 318 3646 nt
335 3593 397 3660 fieri
414 3593 487 3658 solet,
507 3590 580 3645 bfter
597 3592 644 3646 bei
698 3594 741 3658 ab,
760 3594 833 3647 nach
853 3593 919 3648 Sall.
939 3593 1003 3661 Jug.
1024 3598 1068 3660 93,
1086 3598 1113 3647 2.

85 3665 208 3734 Tacitus,
227 3663 280 3719 wie
299 3663 372 3719 auch
389 3633 493 3718 bereiti
468 3662 644 3717 tbeiKlas-
735 3669 760 3718 5.
792 3670 937 3733 comperto,
957 3663 1053 3732 h'aufig
1070 3663 1119 3719 bei
1136 3660 1244 3725 raim
1286 3722 1293 3731 ,

84 3735 185 3789 sikern.
700 3735 772 3788 auch
786 3735 871 3789 schon
885 3735 931 3789 bei
945 3733 1053 3800 Livius,
1067 3732 1245 3790 kommcsba
1287 3802 1291 3807 ,

121 3812 162 3859 16.
189 3807 271 3859 sirini
289 3805 342 3859 ιιιιι
360 3805 572 3874 folgendemet,
592 3804 644 3859 vvie
698 3805 746 3860 bei
764 3806 885 3861 anderen
903 3805 983 3859 nicht
1000 3821 1058 3859 vor.
1272 3866 1286 3877 ,-

83 3881 163 3943 4,24
181 3878 314 3946 simnlqne
332 3882 441 3945 coeptas
458 3877 528 3944 dies,
553 3881 578 3929 ct
596 3877 643 3930 od-
735 3881 759 3930 8
777 3894 834 3945 per,
854 3877 906 3931 wie
925 3876 986 3931 Liv
1007 3882 1031 3943 1,
1050 3882 1153 3946 481rer
1167 3870 1253 3947 pout

84 3963 112 4000 er
114 3953 172 4000 arv
155 3947 260 4000 caan
280 3949 344 4016 Jug.
364 3955 407 4015 97,
427 3948 514 4017 4i9it
515 3964 549 4000 nr
503 3947 645 4000 tsinnl
698 3960 804 4014 corpus.

82 4019 353 4143 salellas
340 3991 643 4154 ebibisset
698 4018 795 4156 ιιι,
809 4017 1045 4142 {delerant
1046 4012 1249 4158 &reddi

119 4166 161 4213 17.
203 4161 312 4229 lapsare
344 4163 436 4214 zuerst
466 4160 513 4214 bei
545 4159 644 4229 Virgil,
698 4131 800 4230 posita,
819 4158 906 4212 findet
924 4159 983 4214 sich
1001 4106 1080 4214 sonsgt
1096 4156 1229 4239 neganda

83 4232 158 4286 daun
176 4230 223 4285 bei
242 4231 385 4300 Spateren.
735 4237 759 4286 4.
796 4231 976 4307 enpnnncndi
999 4232 1085 4285 hostes
1107 4247 1167 4301 spe,
1193 4226 1274 4285 effla

119 4309 162 4357 21.
199 4303 459 4358 circumveniebatur
477 4304 514 4356 ni'
528 4303 576 4357 ιιι.
616 4300 643 4355 S.
699 4303 785 4355 etwas
808 4296 947 4354 affectirte
970 4301 1186 4371 Wortstellung,
1207 4292 1287 4353 dit

82 4374 323 4445 Ein1.§.103,1.
698 4372 744 4426 bei
763 4373 827 4428 Tac.
850 4366 924 4421 eben
940 4369 1019 4426 nieht
1034 4372 1130 4443 hbufig
1146 4318 1190 4426 ai
1246 4390 1280 4423 ι·
