2722 4762
377 212 488 266 LIBER
506 213 527 269 Ι.
565 211 643 268 CAP.
663 219 779 268 42-4c
1126 212 1169 277 69

98 375 152 438 ine
181 340 462 460 eastralflumina,
489 397 604 460 meque
636 375 814 460 precariam
841 376 985 440 animam
1013 377 1098 442 inter
1121 378 1170 442 in·

121 463 261 527 trahere.
934 483 941 495 ·
1190 492 1192 497 ·

98 553 147 615 lur
170 552 256 616 enim
279 552 385 635 primo
409 553 569 640 contionis
594 553 644 616 die
673 552 793 616 ferrum
816 553 908 636 illud,
937 553 1023 638 quod
1045 556 1169 638 pectori
1179 552 1223 618 43

98 640 224 725 nfigere
246 641 418 724 parabam,
447 642 645 724 detraxistis,
676 663 695 705 o
724 642 885 725 inprovidi
915 642 1031 706 amici?
1054 645 1169 709 melius

98 729 213 793 ¹antius
242 730 297 808 ille
327 730 383 813 qui
413 729 557 814 gladium
585 730 748 795 offerebat.
772 730 959 795 cecidissem
982 734 1068 795 certe
1091 755 1171 797 non·

98 821 144 882 tot
165 817 366 903 flagitiorum
389 819 543 883 exercitui
570 840 642 890 meo
672 819 832 902 conscius3
859 819 1023 903 legissetis
1048 821 1171 903 ducem,

98 928 181 971 ream
209 906 339 990 quidem
368 910 505 971 mortem
532 908 716 990 inpunitam
740 908 872 990 sineret,
894 907 974 972 Vari
1003 912 1114 973 tamen
1138 914 1205 974 eta

128 995 294 1080 legionum
327 995 544 1060 ulcisceretur.
589 1017 693 1080 neque
724 998 811 1061 enim
840 997 872 1060 di
905 997 1014 1061 sinant
1036 1001 1075 1061 ut
1097 997 1169 1063 Bel-

98 1107 106 1147 ι
147 1106 343 1168 quamquam
382 1084 585 1148 offerentium
617 1084 713 1148 decus
745 1085 830 1151 istud
861 1091 893 1148 et
930 1086 1087 1152 claritudo
1119 1089 1170 1171 sit,

98 1172 185 1236 nisse
209 1171 358 1237 Romano
381 1173 522 1261 nomini,
550 1174 778 1256 compressisse
803 1174 992 1239 Germaniae
1024 1177 1170 1259 populos.

100 1262 151 1325 ive
171 1260 327 1346 Auguste,
347 1250 435 1326 caelo
454 1259 583 1345 recepta
597 1275 696 1340 mens,
715 1266 781 1343 tua,
804 1266 897 1348 pater
914 1261 1028 1347 Druse,
1052 1264 1171 1349 imago,

98 1350 224 1414 emoria
255 1350 357 1413 isdem
390 1351 462 1415 istis
494 1373 567 1415 cum
599 1351 768 1432 militibus,
793 1374 874 1437 quos
904 1353 970 1415 iam
1002 1352 1105 1436 pudor
1137 1358 1169 1416 et
1182 1365 1215 1414 10

98 1483 101 1500 .
122 1439 235 1521 intrat,
257 1440 368 1503 eluant
390 1439 475 1503 hano
498 1441 659 1504 maculam
682 1440 810 1526 irasque
839 1440 949 1505 civiles
978 1441 1014 1504 in
1038 1441 1171 1505 exitium

98 1549 141 1591 us
166 1531 302 1592 vertant.
338 1549 474 1613 vosque,
506 1551 643 1613 quorum
667 1528 736 1599 alia
754 1551 840 1594 nuno
864 1551 932 1613 ora,
956 1529 1021 1593 alia
1039 1533 1172 1613 pectora

98 1638 162 1695 eor,
196 1617 223 1680 si
255 1617 381 1702 legatos
415 1619 555 1720 antui,
586 1617 776 1703 obsequium
804 1618 1005 1723 imperatori,
1035 1619 1063 1682 si
1092 1617 1171 1682 mihi
1216 1656 1254 1719 ,s

98 1726 155 1790 gen
184 1709 218 1769 et
249 1706 353 1769 filium
369 1639 536 1790 ”iididitisJ
562 1706 715 1770 discedite
744 1730 763 1771 a
785 1686 953 1772 leonatus
975 1727 1012 1770 ac
1040 1707 1171 1771 dividite
1193 1696 1316 1786 'iiiut

98 1795 159 1872 los:
182 1794 216 1859 id
238 1795 356 1859 stabile
380 1796 421 1858 ad
444 1795 686 1879 paenitentiam,
709 1796 741 1859 id
764 1796 839 1860 fidei
862 1795 1024 1860 vinculum
1048 1794 1129 1859 erit'
1183 1806 1215 1855 15

98 1882 251 1967 luppliees
283 1884 324 1947 ad
356 1883 436 1948 haec
469 1887 501 1948 et
533 1906 609 1948 vera
642 1885 829 1967 exprobrari
864 1884 1001 1948 fatentes
1035 1885 1171 1949 orabant
1180 1879 1225 1944 44

98 1977 127 2037 et
150 1972 276 2056 noxios,
298 1973 482 2058 ignosceret
500 1973 600 2057 lapsis
624 1976 657 2037 et
676 1974 805 2070 duopret
823 1974 858 2037 in
879 1973 1020 2055 hostem,
1043 1994 1171 2039 revoca-

118 2061 274 2143 eoniunx,
300 2061 419 2126 rediret
451 2062 617 2147 legionum
637 2044 798 2144 ‘tlffffifiut
829 2083 909 2126 neve
942 2040 1172 2126 obsie'i'iilallis

98 2153 191 2214 retur.
227 2150 366 2214 reditum
389 2150 591 2235 Agrippinae
614 2151 780 2215 excusavit
803 2152 844 2216 ob
867 2150 1078 2214 inminentem
1100 2173 1173 2235 par·

98 2242 123 2302 rt
155 2238 312 2322 hiemem3
346 2242 518 2304 venturum
546 2239 659 2303 filium:
686 2244 792 2303 cetera
821 2240 886 2324 ipsi
914 2243 1207 2322 exsequerentur-‚5

98 2330 184 2391 ‚runt
206 2328 324 2392 mutati
347 2332 380 2392 et
403 2328 684 2393 seditiosissimum
709 2349 867 2413 quemque
891 2329 1015 2392 vinctos
1038 2327 1174 2392 trahunt

98 2420 210 2502 gatum
238 2418 377 2501 legionis
405 2418 528 2501 primae
557 2415 592 2482 Ο.
620 2415 841 2497 Caetronium,
870 2417 926 2501 qui
954 2416 1107 2481 iudicium
1140 2420 1173 2480 et

98 2527 118 2569 ‚s
148 2506 187 2568 de
211 2505 347 2590 singulis
370 2507 406 2570 in
424 2508 512 2571 hunc
531 2506 662 2570 modum
686 2506 837 2570 exercuit.
874 2505 1003 2570 stabant
1020 2527 1078 2588 pro
1098 2527 1172 2570 con·

102 2594 251 2679 legiones
267 2594 427 2659 destrictis
442 2595 576 2680 gladiis3
604 2617 678 2659 reus
701 2595 736 2659 in
755 2598 913 2680 suggestu
931 2616 990 2678 per
1007 2594 1172 2658 tribunum

98 2683 243 2747 labatur:
271 2683 300 2747 si
322 2688 492 2748 nocentem
516 2684 788 2767 adclamaverant,
811 2704 964 2768 praeceps
988 2682 1083 2747 datus
1106 2687 1218 2746 tra-10

98 2775 173 2836 itur.
197 2774 229 2835 et
252 2771 421 2860 gaudebat*
443 2773 593 2838 caedibus
616 2774 723 2856 miles,
751 2776 918 2857 tamquam
942 2775 1044 2835 semet
1066 2772 1172 2835 absol-

128 2881 190 2924 nec
223 2858 342 2926 Caesar
370 2851 515 2947 aiaelrat,
543 2863 670 2946 quando
699 2862 788 2925 nullo
818 2860 920 2944 ipsius
952 2860 1042 2923 iussu
1074 2880 1172 2942 penes

98 2972 126 3013 m
147 2949 283 3014 saevitia
302 2951 379 3014 faeti
404 2954 436 3015 et
453 2950 576 3016 invidia
595 2953 672 3014 erat.
706 2950 807 3014 secuti
827 2949 1009 3031 exemplum
1028 2948 1173 3011 veterani

98 3125 116 3160 n
126 3106 173 3160 die
182 3106 318 3176 Legaten,
337 3107 383 3161 die
394 3108 466 3161 auch
480 3108 559 3162 nicht
612 3107 790 3176 Apostrophe
802 3104 957 3175 gebrauoht
964 3103 1079 3158 Tacitus
1087 3103 1175 3159 selbst

98 3177 192 3232 risten.
566 3201 570 3207 ·
613 3195 658 3232 am
678 3177 791 3232 Schluss
814 3176 861 3230 des
884 3174 1029 3245 Agricola:
1058 3181 1089 3230 ta
1111 3179 1191 3230 oero'

110 3249 220 3302 trahere
247 3249 318 3303 nach
347 3248 408 3304 Liv.
432 3255 464 3317 3,
488 3257 517 3318 6,
541 3256 558 3304 8
611 3250 681 3315 falia
700 3250 748 3304 ott.

114 3321 149 3374 ‘ll
166 3336 214 3388 ⁸1⁰0
232 3320 356 3373 trahebat
374 3321 503 3374 ammam·
550 3391 556 3403 ,
650 3344 691 3391 11.
727 3337 819 3406 gloria
838 3333 1099 3404 „Ruhmbegierde“
1118 3334 1173 3389 wie

102 3397 128 3446 3·
153 3392 208 3445 flle-
244 3389 301 3444 ΒΜ
316 3390 441 3444 Verbum
455 3391 559 3461 agendl
612 3408 684 3463 auch
702 3408 750 3462 bei
767 3407 938 3461 Klassikern.

98 3467 209 3588 lta
222 3463 559 3602 titilarentur
707 3492 1175 3637 admirarere:

98 3620 201 3730 mle
215 3603 283 3742 (iiiiii
298 3606 559 3744 ss’ggilgosffgliffl
613 3640 740 3708 dentung
758 3638 844 3693 sehon
861 3635 909 3690 bei
927 3635 1042 3689 Sallust.

98 3763 140 3800 ren
155 3745 253 3800 fehlen
266 3745 392 3814 haufiger
406 3746 451 3800 die
466 3744 560 3800 Verba
648 3727 698 3782 44·
723 3734 748 3782 2·
775 3732 801 3780 el
818 3727 933 3780 dmm·
953 3724 980 3777 S·
999 3722 1072 3823 Elnl:
1092 3729 1114 3789 ἓ·
1129 3730 1174 3822 fil·

97 3817 155 3872 iet
173 3816 314 3872 movendi.
650 3824 674 3873 6.
706 3817 818 3870 cinctos.
848 3814 904 3882 Der
920 3812 1018 3866 Plural
1036 3829 1089 3866 wre
1107 3813 1173 3866 hist.

98 3890 179 3942 ancre
192 3887 246 3942 mit
259 3886 420 3957 folgendem
431 3892 462 3941 ot
474 3887 560 3942 schcn
614 3895 639 3956 4,
659 3893 693 3941 25
712 3887 831 3957 optimas
853 3885 966 3953 quisque
988 3884 1072 3937 roua
1086 3899 1176 3951 para·

98 3975 189 4027 crena,
216 3958 291 4012 daun
317 3960 375 4012 erst
392 3958 496 4013 wieder
520 3958 560 4012 im
613 3976 663 4015 ere.
693 3965 726 4012 27
750 3956 987 4027 splendidissimas
1010 3955 1121 4023 quisque
1144 3955 1176 4008 ia

98 4047 138 4084 len
156 4030 268 4084 Latein.
620 4030 820 4098 Vespasianum
834 4027 929 4095 proni.
950 4025 976 4080 S.
996 4025 1069 4080 Einl.
1088 4029 1111 4090 ξ.
1133 4032 1174 4080 17.

98 4101 225 4170 britoilo,
244 4100 291 4154 bei
305 4100 370 4154 Tac.
392 4100 495 4170 baurg,
514 4101 561 4156 bei
650 4107 675 4155 8.
708 4100 837 4164 exercuit,
856 4097 909 4152 wie
926 4097 1005 4165 Virg.
1024 4097 1058 4151 A.
1078 4102 1103 4163 6,
1122 4101 1175 4149 543

104 4170 228 4239 fehlend,
242 4171 559 4237 scheintarchaistisch;
613 4173 749 4226 maloram
780 4175 882 4224 exercet
916 4183 1026 4237 poenas.
1060 4198 1093 4205 -
1123 4182 1177 4234 pro

98 4242 168 4297 steht
182 4260 211 4297 es
230 4243 303 4296 auch
321 4241 368 4296 bei
383 4241 490 4296 Sallust
503 4244 560 4297 und
614 4245 738 4297 contione
755 4241 845 4295 heisst
863 4241 941 4294 const
960 4255 1028 4306 „vor
1046 4237 1096 4292 der
1109 4237 1177 4291 Ver·

98 4329 134 4366 ³⁸·
615 4314 800 4383 sammlung“,
833 4312 895 4365 hier
930 4311 989 4380 „als
1017 4308 1176 4363 Versamm·

101 4382 153 4436 Die
184 4383 360 4438 reduerische
393 4384 480 4454 Figur
512 4385 561 4440 der
613 4386 710 4454 lung“,
728 4384 837 4439 soheint
855 4377 904 4437 iia.
925 4380 975 4449 εἰρ.
