2722 4762
162 203 229 268 130
479 200 652 256 CORNELII
671 199 795 256 TAOITI
812 199 1011 256 ANNALIUM

163 364 249 450 quod
276 366 305 430 is
337 365 442 448 prima
479 366 519 428 ab
552 364 691 429 infantia
714 364 867 429 instituta
897 366 932 427 et
962 363 1086 428 cultum
1111 362 1219 428 Arme:

164 454 354 537 aemulatus,
379 456 496 517 venatu
519 454 623 536 epulis
652 455 685 517 et
708 473 789 536 quae
812 452 878 516 alia
900 451 1032 516 barbari
1063 452 1218 517 celebran

163 563 250 607 ceres
273 542 464 627 plebemque
487 541 579 607 iuxta
602 542 798 606 devinxerat.
835 540 936 624 igitur
959 538 1174 606 Germanicus
1207 542 1219 605 i

120 648 152 696 10
162 633 336 715 Artaxata,
375 630 631 714 adprobantibus
667 629 847 712 nobilibus,
890 628 1086 694 circumfusa
1123 630 1220 693 multi

163 719 290 804 insigne
316 719 442 803 regium
466 719 564 802 capiti
592 719 659 782 eius
689 719 854 801 imposuit.
891 717 988 782 ceteri
1015 721 1208 782 venerantes

162 808 333 872 Artaxiam
373 809 630 888 consalutavere,
662 805 747 890 quod
779 807 829 870 illi
860 806 1053 871 vocabulum
1084 805 1219 871 indiden

162 897 295 962 nomine
318 897 416 961 urbis.
453 895 492 960 at
506 894 715 979 Cappadoces
734 895 769 959 in
787 894 926 959 formam
948 894 1137 978 provinciae
1159 895 1217 960 red

162 984 341 1050 Veranium
372 986 516 1069 legatum
547 1005 714 1067 accepere3
746 986 779 1047 et
810 983 969 1067 quaedam
1006 1004 1044 1047 ex
1076 984 1177 1068 regiis
1210 987 1219 1047 t

121 1089 152 1137 15
163 1072 342 1154 deminuta,
372 1095 434 1157 quo
465 1073 577 1137 mitius
606 1072 790 1136 Romanum
817 1071 988 1155 imperium
1017 1075 1210 1155 speraretur.

163 1162 309 1246 magenis
333 1160 371 1237 Q.
395 1159 550 1226 Servaeus
581 1161 801 1244 praeponitur,
833 1164 906 1224 tum
935 1160 1077 1243 primum
1111 1160 1219 1224 adius

162 1250 245 1315 toris
268 1250 450 1315 translatis.

109 1339 152 1402 57
253 1336 440 1422 Cunctaque
468 1337 602 1402 socialia
628 1359 782 1421 prospere
805 1337 987 1420 composita
1016 1359 1084 1401 non
1114 1336 1188 1401 ideo

165 1425 393 1490 Germanicum
411 1426 578 1490 habebant
597 1426 638 1491 ob
658 1427 844 1510 superbiam
856 1425 994 1510 Pisonis,
1012 1425 1068 1509 qui
1085 1425 1195 1490 iussus
1213 1447 1219 1508 p

162 1515 327 1598 legionum
351 1516 421 1597 ipse
445 1518 501 1578 aut
530 1536 588 1598 per
619 1514 723 1579 filium
750 1515 786 1579 in
809 1513 999 1579 Armeniam
1031 1512 1147 1578 ducere
1170 1517 1219 1577 utr

162 1604 357 1687 neglexerat.
394 1601 486 1687 Cyrri
510 1603 639 1667 demum
665 1603 751 1687 apud
769 1603 907 1667 hiberna
930 1603 1082 1668 decumae
1104 1603 1219 1688 legioni

127 1709 286 1776 evenere,
308 1692 436 1756 firmato
474 1692 574 1776 vultu,
596 1691 672 1757 Piso
705 1691 858 1756 adversus
890 1692 1032 1776 metum,
1055 1689 1219 1756 Germani<

162 1781 279 1846 minari
309 1781 506 1866 crederetur3
536 1783 569 1844 et
592 1785 676 1863 erat,
708 1784 745 1845 ut
774 1781 901 1864 rettuli,
930 1780 1129 1845 clementior.
1165 1780 1219 1844 sed

164 1869 373 1934 accendendis
398 1869 631 1934 offensionibus
652 1869 761 1933 callidi
778 1869 944 1934 intendere
967 1890 1054 1948 vera,
1078 1868 1219 1953 adgeren

163 1959 334 2043 ipsumque
359 1962 391 2022 et
412 1957 602 2022 Plancinam
631 1963 665 2022 et
687 1958 772 2022 filios
803 1958 900 2022 variis
925 1957 1028 2022 modis
1056 1957 1219 2022 criminari

163 2050 267 2111 tremo
291 2047 403 2129 paucis
430 2045 641 2110 familiarium
674 2046 828 2110 adhibitis
856 2068 961 2110 sermo
993 2048 1127 2128 coeptus
1152 2067 1172 2109 a
1195 2043 1219 2110 C

121 2151 154 2199 10
165 2135 292 2217 qualem
315 2135 365 2198 ira
388 2137 421 2198 et
450 2134 666 2199 dissimulatio
690 2134 810 2219 gignit,
838 2156 1031 2218 responsum
1053 2155 1073 2197 a
1095 2134 1216 2198 Pisone

166 2221 225 2285 bus
258 2223 521 2305 contumacibus3
553 2222 833 2307 discesseruntque
867 2223 987 2307 apertis
1019 2222 1112 2287 odiis.
1154 2243 1219 2306 posi

164 2331 258 2374 rarus
281 2311 317 2373 in
339 2311 496 2375 tribunali
514 2308 661 2376 Caesaris
684 2311 771 2396 Piso,
795 2314 827 2375 et
851 2313 879 2375 si
903 2312 1030 2396 quando
1054 2309 1219 2394 adsideret

163 2519 301 2574 Antonius
319 2519 397 2574 hatte
410 2520 470 2572 ihm
486 2520 531 2574 ein
545 2520 652 2575 lxleines
665 2522 722 2576 Ko-
777 2521 862 2591 Sejan
888 2537 1023 2592 genesen.
1048 2551 1083 2560 —
1106 2521 1146 2576 ad
1164 2521 1215 2588 jac

163 2590 291 2659 nigreich
318 2591 458 2660 gegeben,
490 2592 645 2646 bestehend
672 2609 722 2647 aus
776 2594 825 2657 ria,
844 2594 870 2648 d.
885 2593 913 2646 h.
928 2592 967 2646 sie
984 2592 1086 2646 kamen
1106 2593 1219 2646 unterd

163 2661 437 2728 Klein-Armenion,
475 2661 538 2716 dem
575 2663 722 2732 Bosporus,
774 2665 874 2732 prator
892 2680 949 2719 von
968 2662 1075 2732 Syrien.

165 2733 257 2787 ciuem
281 2732 365 2786 Theil
387 2750 442 2787 von
464 2732 570 2787 Pontus
597 2733 655 2787 und
678 2734 722 2788 oi·
812 2751 861 2808 57,
891 2757 915 2805 1¹
943 2751 1060 2806 scania
1076 2751 1115 2806 iga
1131 2767 1219 2804 neu,

109 2861 112 2866 ,
161 2804 254 2858 licien.
658 2875 664 2887 ,
777 2823 919 2877 sociorum.
940 2853 973 2862 —
993 2822 1094 2876 Metam
1112 2822 1219 2876 habebo

199 2881 223 2930 8.
256 2880 281 2929 et
299 2892 374 2943 qaae.
407 2875 499 2929 Ueber
518 2880 543 2928 et
561 2877 603 2930 als
623 2876 722 2930 drittes
778 2909 820 2962 cp·
837 2898 870 2948 65
884 2893 956 2948 „pla
970 2909 1052 2962 aeque
1063 2892 1206 2948 merium

162 2946 306 3017 Sabzglied
324 2966 344 3001 Β·
363 2946 436 3001 Einl·
456 2951 479 3012 θ’
500 2953 541 3028 {31-
571 3017 577 3029 ,
776 2965 899 3020 babebat.
924 2963 1033 3020 Cicero:
1056 2963 1156 3018 babere
1181 2964 1219 3017 sol

198 3024 222 3071 9.
247 3018 530 3083 arbsArtoaata,1n
550 3017 640 3071 d1eser
654 3017 721 3071 Ver·
776 3036 914 3103 insenum,
933 3037 1086 3089 immunem.

163 3088 292 3156 bindung
309 3088 499 3154 Femininum3
520 3090 598 3142 sonst
615 3088 720 3142 behan-

161 3158 234 3296 ἓῗὲξ
246 3156 435 3281 Τίἶζωέᾇὲζ
452 3158 600 3297 {griffi
606 3158 721 3297 Αᾞξξξζ
776 3121 1219 3263 oyi'rescddiuidaioidlidibdb'}

163 3297 213 3352 der
230 3298 261 3351 in
279 3297 333 3350 den
351 3297 486 3367 Kaspisee
505 3296 599 3353 diasat.
813 3288 836 3364 7·
870 3283 988 3336 militm
1006 3298 1028 3336 ὓ·
1048 3282 1107 3365 dai·
1126 3297 1219 3351 8θῖ777

200 3374 241 3421 12.
278 3367 335 3421 Der
357 3384 427 3422 neue
445 3367 599 3422 Herrsoher
622 3369 723 3424 erhielt
777 3352 984 3435 b01,AP¹1Lfl⁰F·
996 3359 1021 3407 6·
1037 3384 1070 3392 -
1085 3354 1219 3407 ‘lim‘

163 3439 259 3521 seineu
276 3456 367 3492 neuen
386 3439 496 3492 Namen
514 3439 589 3493 wohl
607 3459 655 3494 zur
672 3441 722 3494 Er·
776 3424 913 3507 treiben“,
932 3429 1030 3507 Wlefls
1045 3430 1077 3478 11
1093 3439 1155 3478 77777
1169 3440 1219 3478 0777

162 3509 723 3649 aniaataaaaal
777 3495 1219 3620 7777

163 3652 283 3708 Grossen
310 3652 471 3723 abgefallen
499 3668 558 3706 war
584 3652 642 3706 und
674 3671 722 3706 um
778 3636 1215 3718 01778θ137ἶ7777771707·771767

163 3730 215 3779 190
242 3744 269 3779 v.
297 3724 360 3778 Chr.
390 3724 440 3778 das
470 3724 721 3793 grossarmenische
775 3707 852 3788 flung·
865 3708 1023 3776 ’,7777189777ι
1048 3708 1100 3762 hul
1118 3723 1148 3761 01
1171 3723 1201 3761 0⁸

161 3794 250 3847 Reiob
269 3797 427 3864 gegriindet
445 3796 532 3849 hatte.
569 3793 623 3848 Ein
642 3796 718 3848 awei-
776 3777 1143 3833 707177770770773711777

159 3864 205 3918 ter
223 3865 353 3920 Artaxias
371 3867 423 3920 hat
439 3883 496 3921 von
515 3871 602 3920 29-6
617 3883 643 3919 v.
659 3864 720 3920 Chr.
811 3869 836 3920 8.
868 3867 949 3933 filios.
983 3866 1045 3921 Von
1063 3866 1118 3920 den
1136 3867 1206 3920 awai

161 3935 275 4004 regiert.
776 3936 824 3990 des
842 3936 907 3991 Piso
930 3953 989 3991 war
1012 3936 1115 4007 Gnejns
1138 3936 1169 3990 in
1192 3937 1218 3990 R

198 4012 241 4060 13.
261 4005 352 4060 Ueber
363 4005 557 4080 Cappadooien
571 4006 629 4061 und
639 4006 720 4062 Com·
774 4007 1219 4078 blieben,Marousbegleitetode

162 4093 320 4146 magenes.
340 4084 498 4146 mepta.
813 4085 853 4133 11.
880 4084 943 4146 post
961 4095 1043 4148 qaae,
1066 4079 1170 4134 ebenso
1194 4097 1219 4132 w

199 4154 240 4201 14.
266 4146 402 4201 Veranius
420 4147 503 4202 stirbt
521 4149 560 4202 im
580 4150 606 4203 J.
625 4154 659 4202 58
679 4150 720 4203 als
775 4166 852 4218 qaae,
871 4149 910 4204 ist
927 4149 989 4204 eino
1007 4150 1088 4205 nicht
1106 4151 1213 4205 seltaue

161 4219 254 4288 Legat
270 4218 300 4271 in
318 4216 488 4275 Britannien.
775 4220 936 4290 gangsform
962 4220 1009 4274 bei
1033 4219 1161 4290 Tacitus,
1191 4221 1219 4274 d<

198 4297 240 4344 16.
261 4290 397 4344 Servaeus
415 4288 486 4342 wird
503 4290 544 4343 im
562 4289 586 4345 J.
607 4296 640 4344 32
660 4307 720 4345 ver·
774 4290 820 4344 nie
844 4297 959 4360 postque
986 4291 1157 4362 gebraucht,
1189 4310 1219 4346 w:

162 4360 292 4430 urtheilt,
320 4359 384 4414 weil
412 4377 442 4414 er
467 4360 514 4414 ein
535 4360 647 4415 Freund
671 4361 720 4415 des
775 4361 820 4416 die
839 4361 1022 4417 Handschrift
1041 4361 1139 4418 bietet.
