2722 4762
384 244 494 297 LIBER
511 244 571 298 XV.
600 243 677 297 CAP.
697 251 774 299 6-9.

1103 236 1167 301 115

98 394 275 457 arniliturn
300 414 418 477 arsere,
447 395 554 478 magis
585 394 705 478 insigni
733 394 895 479 prodigio,
927 396 1002 479 quia
1025 393 1165 460 Parthus
1186 416 1221 465 10

118 482 294 545 missilibus
320 482 393 545 telis
417 483 567 546 decertat.

98 570 231 634 letarum
254 568 373 633 Paetus
402 571 517 654 spretis
546 571 721 653 ominibus,
750 572 888 635 necdum
918 572 997 635 satis
1027 572 1196 637 firmatis8

98 660 223 741 iaculis,
255 660 345 722 nullo
373 660 419 722 rei
446 659 676 722 frumentariae
703 660 848 742 provisu,
880 661 965 743 rapit
992 662 1167 725 exercitum

107 750 253 811 montem
276 747 418 810 Taurum
440 748 670 830 reciperandis,
697 750 734 809 ut
759 747 897 831 ferebat,
926 748 1167 832 Tigranocertis

98 836 221 919 rdisque
248 836 448 919 regionibus,
481 858 560 919 quas
584 834 724 900 Corbulo
753 835 897 920 integras
926 837 1098 901 omisisset.
1134 849 1167 901 et

108 924 263 1007 quaedem
282 925 428 1007 castella,
452 925 636 1008 gloriaeque
655 928 688 987 et
705 925 841 1007 praedae
861 925 1010 988 nonnihil
1027 929 1166 1009 pentum,
1185 946 1202 994 5

98 1034 105 1074 1
133 1013 270 1094 gloriam
298 1034 370 1075 cum
398 1013 494 1076 modo
523 1015 580 1075 aut
606 1013 760 1096 praedam
787 1035 860 1076 cum
888 1035 964 1077 cura
990 1013 1167 1078 habuisset.

98 1101 178 1183 [quis
201 1101 370 1164 itineribus
390 1102 605 1184 percursando
625 1123 706 1184 quae
725 1101 865 1164 obtineri
883 1102 1076 1185 nequibant,
1097 1124 1166 1167 cor-

108 1190 163 1272 qui
182 1192 294 1271 captus
314 1193 384 1252 erat
403 1194 584 1253 commeatu
603 1193 635 1252 et
654 1190 797 1253 instante
815 1190 880 1253 iam
898 1190 1017 1274 hieme,
1041 1191 1168 1254 reduxit

98 1281 167 1339 tum
199 1279 431 1361 conposuitque
464 1278 504 1341 ad
537 1277 707 1342 Caesarem
739 1279 862 1341 litteras
896 1280 988 1362 quasi
1020 1279 1166 1343 confecto

114 1366 220 1429 verbis
243 1366 438 1449 magnificis,
461 1388 568 1430 rerum
591 1389 718 1431 vacuas.
1186 1370 1222 1419 10

101 1455 218 1517 nterim
252 1453 391 1518 Corbulo
424 1477 600 1538 numquam
635 1456 818 1538 neglectam
849 1454 1027 1539 Euphratis
1063 1456 1197 1539 ripam9

98 1542 206 1606 oribus
234 1543 402 1625 praesidiis
429 1544 562 1626 insedit3

595 1547 627 1606 et
656 1565 697 1606 ne
724 1544 818 1625 ponti
845 1544 1006 1607 iniciendo
1034 1545 1167 1627 impedi-

98 1653 140 1693 1111
162 1631 296 1694 hostiles
320 1635 445 1695 turmae
469 1631 632 1695 adferrent
655 1629 734 1717 (iam
758 1632 844 1694 enirn
868 1632 1021 1696 subiectis
1045 1634 1167 1715 campis

98 1742 113 1782 a
142 1721 246 1803 specie
274 1719 496 1805 volitabant),
514 1742 612 1784 naves
643 1720 866 1803 magnitudine
898 1724 1102 1803 praestantes
1135 1724 1168 1784 et

98 1830 130 1871 as
159 1808 304 1871 trabibus
330 1831 366 1872 ac
389 1809 531 1873 turribus
560 1812 671 1872 auctas
701 1809 769 1891 agit
791 1829 849 1890 per
872 1829 1000 1871 amnem
1023 1810 1201 1890 catapuls

122 1899 154 1958 et
177 1897 303 1960 balistis
327 1899 498 1980 proturbat
521 1898 690 1979 barbaros,
717 1898 752 1959 in
782 1918 863 1980 quos
892 1918 970 1959 saxa
998 1900 1030 1959 et
1052 1896 1167 1960 hastae

98 2008 122 2048 rs
146 1986 368 2067 permeabant,
392 2009 488 2069 quam
512 1989 549 2049 ut
571 1986 732 2049 contrario
757 1985 948 2068 sagittarum
968 1985 1055 2048 iactu
1074 1985 1167 2048 adae-

98 2077 176 2136 ntur.
218 2074 291 2136 dein
313 2096 396 2157 pons
420 2075 626 2139 continuatus
651 2074 810 2157 collesque
833 2073 960 2136 adversi
983 2094 1041 2155 per
1064 2074 1167 2138 socias

98 2166 156 2245 tes,
179 2165 253 2243 post
275 2163 440 2246 legionum
464 2164 578 2226 castris
602 2165 811 2246 occupantur,
834 2164 927 2224 tanta
949 2162 1111 2225 celeritate
1135 2165 1168 2225 et

98 2251 211 2313 :atione
230 2251 359 2334 virium,
378 2256 415 2314 ut
432 2250 546 2315 Parthi
565 2252 683 2315 omisso
702 2254 818 2334 paratu
836 2250 1036 2314 invadendae
1056 2248 1167 2314 Suriae
1188 2270 1221 2319 10

108 2360 237 2402 omnem
259 2340 294 2402 in
312 2340 500 2403 Armeniam
518 2343 694 2422 verterent,
717 2340 773 2403 ubi
791 2339 910 2402 Paetus
929 2339 1168 2402 imminentium

98 2449 120 2489 rs
149 2428 296 2510 quintam
323 2429 485 2512 legionem
512 2429 625 2511 procul
651 2429 687 2491 in
709 2427 814 2492 Ponto
844 2426 1000 2510 habebat,
1027 2427 1168 2511 reliquas

100 2517 162 2579 scis
186 2516 324 2579 militnm
348 2517 580 2580 commeatibus
603 2517 836 2598 infirmaverat,
865 2516 966 2581 donec
996 2516 1168 2579 adventare

98 2625 181 2682 gesen
204 2625 322 2687 magno
347 2609 379 2668 et
402 2605 529 2670 infenso
554 2605 682 2688 agmine
706 2605 859 2667 auditum.

98 2797 158 2862 pila
173 2826 206 2833 —
222 2812 317 2849 arsere.
337 2796 393 2850 Das
409 2798 449 2851 St.
464 2797 553 2850 Elms-

98 2866 146 2918 auf
166 2867 219 2919 den
239 2867 352 2934 Spitzen
377 2867 427 2921 der
444 2867 555 2921 Watl'en

98 2954 148 2989 von
176 2937 271 2990 Livius
298 2937 370 2991 bftcr
392 2941 473 2992 unter
501 2939 555 2992 den

98 3008 147 3060 *ien
165 3008 335 3076 ausgefdhrt.
365 3009 444 3064 llben
462 3026 492 3063 so
513 3016 555 3077 12,

98 3095 135 3131 aa
159 3096 191 3131 ac
213 3081 332 3132 tentoria
354 3082 473 3133 resilitum
493 3082 556 3148 ipae

98 3165 217 3202 attinere.

98 3297 112 3341 1.
143 3293 217 3358 rupit
234 3291 287 3343 wie
309 3296 337 3356 1,
358 3296 391 3345 56
410 3292 556 3344 exercitam

98 3366 150 3414 tros
165 3362 246 3428 rapit.
266 3368 292 3429 4,
303 3368 336 3414 25
351 3364 434 3415 citato
449 3363 557 3431 aporiae

108 3433 232 3485 cobortes
262 3432 297 3486 So
311 3432 358 3485 bei
368 3433 467 3501 Virgil,
482 3433 557 3486 dann

117 3510 151 3556 20
171 3505 326 3570 rrzarzipalos
345 3505 452 3572 aliquot
469 3520 557 3557 secam

98 3573 146 3626 der
161 3575 232 3627 auch
243 3576 318 3643 sagt:
334 3576 449 3627 circatam
463 3592 558 3643 capraea

98 3736 275 3785 nrearsando
295 3735 366 3787 statt
380 3750 556 3801 percussuras,

98 3837 108 3868 -,
128 3809 160 3854 31
181 3819 270 3856 servos
289 3806 461 3872 cappello-ndo.
483 3811 507 3871 6,
522 3811 556 3858 38

98 3890 110 3923 a
129 3875 300 3939 obtestando,
319 3875 376 3927 und
396 3874 476 3929 ofter.

98 3962 175 4085 [lagga.
204 3963 241 4016 Es
260 3963 298 4017 ist
316 3964 365 4016 der
377 3963 489 4016 Winter
502 3979 558 4016 ron

98 4122 169 4188 [111131
189 4121 241 4175 mit
260 4122 324 4175 dem
342 4121 468 4191 Partioip
488 4123 560 4175 auch

99 4234 104 4244 .
124 4199 153 4259 2,
174 4199 216 4245 63.
236 4199 266 4259 4,
286 4200 319 4246 23
339 4193 396 4245 und
415 4193 500 4246 sehon
514 4192 560 4246 bei

106 4369 208 4404 racana·
225 4351 279 4404 rnit
297 4352 361 4405 dem
381 4351 512 4418 Genetiv,
531 4351 560 4404 in

608 2797 694 2849 Prosa
711 2813 763 2848 nur
781 2794 843 2848 hier
865 2794 921 2847 und
945 2793 1012 2847 Sall.
1037 2795 1100 2863 Jug.
1120 2800 1168 2859 903

609 2867 768 2919 ausserdem
785 2865 833 2919 bei
850 2864 994 2918 Dichtern.

644 3008 670 3061 9.
695 3013 719 3059 3.
748 3005 801 3059 Die
819 3006 917 3059 Worte
935 3005 1062 3058 subiectis
1077 3035 1111 3045 -
1125 3021 1169 3058 eo·

610 3079 728 3131 litabant
741 3078 861 3143 kdnnen,
876 3093 957 3130 wenn
968 3093 1034 3130 man
1043 3076 1170 3130 schlecht

609 3150 722 3216 betont,
746 3148 788 3201 als
807 3147 852 3201 ein
870 3147 1038 3201 Hexameter
1055 3147 1170 3216 gelesen

610 3220 730 3274 werden.
758 3218 822 3288 vgl.
842 3237 875 3271 zu
895 3224 919 3284 1,
940 3226 963 3272 1.

646 3331 671 3378 4.
681 3341 771 3378 lettres.
780 3324 1036 3394 DieseFahrzeuge‚
1042 3324 1173 3378 schwim·

610 3397 731 3477 menden
749 3395 893 3449 Batterien
910 3395 1113 3483 rergleichbar‚
1131 3396 1170 3448 le·

612 3467 811 3591 1211112
824 3466 1171 3606 321122212ρὲ1

612 3607 763 3661 Geschosse
783 3626 815 3661 zu
834 3607 950 3660 sichem.

647 3722 670 3768 6.
690 3716 795 3779 bastae,
814 3729 906 3781 grosse
925 3712 1103 3779 Wurfspeere
1121 3728 1171 3765 aus

612 3785 666 3839 den
684 3784 854 3838 Masohinen.

648 3897 689 3945 10.
723 3891 865 3944 6616616116
892 3888 1112 3957 „Entfaltung“.
1137 3917 1171 3927 -

608 3967 727 4029 paratas
746 3961 816 4014 statt
834 3965 988 4028 appmutns
1006 3959 1059 4012 wie
1078 3965 1109 4026 3,
1129 3963 1172 4012 52.

614 4039 656 4100 13,
677 4039 722 4097 17;
744 4032 815 4085 auch
833 4031 880 4084 bei
900 4030 1018 4097 Sallust,
1038 4029 1172 4083 Dichtern

614 4103 670 4156 und
688 4102 793 4155 Livius.

652 4215 693 4262 14.
722 4209 849 4262 creditam
875 4206 929 4262 mit
955 4209 1052 4261 Aecus.
1077 4224 1099 4259 o.
1122 4203 1172 4259 inf.

614 4279 678 4348 Vgl.
703 4284 732 4345 4,
757 4284 791 4333 55
813 4279 996 4348 Parpamcaos
1019 4277 1089 4330 satis
1112 4276 1173 4329 adc-

610 4355 674 4418 ptos
693 4351 832 4405 creditura.
