2722 4762
106 175 170 239 140
424 171 598 227 CORNELII
616 170 739 226 TACITI
756 169 958 226 ANNALIUM

104 338 190 420 apud
210 335 313 402 (lcum
331 338 472 400 insulam
490 335 623 398 nuntius
642 333 830 418 adsequitur
848 333 1023 397 excessisse
1044 331 1165 397 Germa·

106 448 170 511 quo
194 427 445 508 intemperanter
468 428 599 507 accepto
624 422 730 486 caedit
748 421 905 506 uictimas,
929 421 999 486 adit
1020 422 1154 505 templa,

61 515 174 597 10ipse
199 513 352 599 gaudium
375 513 546 578 moderans
576 515 608 575 et
636 509 740 594 magis
771 509 985 574 insolescente
1007 508 1165 574 Plancina

105 602 229 666 luctum
254 602 392 666 amissae
416 602 534 665 sororis
557 605 628 664 tum
651 601 793 682 primum
815 599 903 663 laeto
927 598 1016 664 cultu
1038 599 1163 662 mutavi

53 691 71 754 7
75 691 94 754 6
193 690 392 755 Adfluebant
415 690 617 754 centuriones
649 687 888 772 monebantque
919 691 1073 770 prompta
1103 687 1155 750 illi

105 801 184 842 num
203 779 326 844 studia:
359 781 521 862 repeteret
539 777 739 860 prouinciam
753 797 820 839 non
839 777 907 840 iure
927 776 1072 839 ablatem
1091 779 1125 839 et
1138 797 1165 839 u

105 867 205 951 igitur
228 868 305 952 quid
338 866 499 952 agendum
529 864 733 930 consultanti
755 863 799 929 M.
822 863 899 929 Piso
930 863 1018 928 filius
1041 885 1165 948 proper:

105 955 141 1019 in
163 958 275 1020 urbem
300 956 466 1020 censebat:
489 953 572 1018 nihil
606 953 711 1017 adhuc
743 952 939 1037 inexpiabile
968 953 1155 1035 admissum,

73 1059 88 1106 5
109 1045 309 1128 suspiciones
328 1044 497 1108 inbecillas
521 1046 578 1106 aut
600 1043 710 1106 inania
728 1041 836 1105 famae
858 1041 1124 1124 pertimescenda.
1162 1070 1165 1097 1

107 1133 193 1198 diam
218 1153 296 1217 erga
319 1131 544 1196 Germanicum
573 1130 646 1195 odio
675 1130 814 1194 fortasse
838 1131 986 1214 dignam,
1016 1151 1084 1193 non
1106 1151 1165 1213 poe

106 1221 313 1304 ademptione
336 1220 521 1303 provinciae
554 1219 633 1282 satis
665 1218 788 1282 factum
820 1218 978 1283 inimicis.
1006 1218 1094 1302 quod
1124 1219 1153 1281 si

108 1309 244 1390 deretur,
269 1309 448 1372 obsistente
471 1306 582 1372 Sentio
615 1307 708 1372 civile
737 1305 859 1371 bellum
886 1307 999 1391 incipi,
1027 1328 1089 1371 nec
1111 1306 1165 1369 dur

106 1398 142 1460 in
164 1397 313 1479 partibus
337 1397 540 1461 centuriones
567 1395 765 1478 militesque,
793 1396 879 1479 apud
902 1417 982 1479 quos
1010 1416 1121 1459 reeens
1145 1396 1165 1457 ir

64 1499 96 1546 10
106 1487 187 1550 toris
212 1486 262 1548 sui
285 1486 441 1549 memoria
471 1489 503 1548 et
525 1485 654 1568 penitus
682 1483 800 1548 infixus
827 1485 863 1547 in
887 1481 1042 1548 Caesares
1071 1505 1163 1548 amor

107 1573 239 1638 valeret.

55 1661 95 1723 77
197 1660 319 1726 Contra
341 1659 504 1726 Domitius
525 1658 632 1745 Celer,
661 1683 699 1724 ex
722 1661 838 1725 intima
860 1661 929 1724 eius
952 1660 1111 1744 amicitia,
1134 1660 1165 1723 di

107 1751 261 1814 utendum
293 1755 425 1814 eventu:
448 1749 613 1828 Pisonem,
640 1770 708 1813 non
731 1747 877 1813 Sentium
906 1746 1019 1812 Suriae
1046 1770 1165 1832 praepo

107 1839 182 1903 huic
201 1839 303 1904 fasces
323 1843 356 1902 et
374 1843 425 1902 ius
442 1838 612 1922 praetoris,
634 1838 710 1902 huic
728 1837 874 1923 legiones
894 1837 995 1901 datas.
1019 1837 1048 1900 si
1066 1838 1145 1921 quid
1164 1837 1165 1898 Ῐ

107 1928 254 2012 ingruat,
287 1949 382 2013 quem
416 1927 532 1990 iustius
567 1949 658 1990 arma
695 1928 920 2008 oppositurum
960 1945 1055 2007 qaam
1092 1925 1147 2009 qui

73 2017 335 2082 sauctoritatem
372 2019 405 2078 et
445 2015 578 2098 propria
618 2014 771 2078 mandata
809 2013 990 2097 acceperit?
1035 2013 1164 2099 relinqu

111 2106 208 2168 etiam
231 2103 414 2167 rumoribus
437 2106 565 2186 tempus
589 2125 653 2186 quo
677 2107 859 2167 senescant:
882 2104 1071 2186 plerumque
1094 2103 1165 2166 inu<

108 2192 231 2256 recenti
254 2191 393 2255 invidiae
416 2191 557 2274 inpares.
595 2194 629 2255 at
657 2192 685 2254 si
713 2195 824 2256 teneat
846 2191 1030 2269 exercitum,
1055 2196 1165 2276 augeat

107 2281 221 2362 multa,
244 2300 325 2363 quae
348 2280 510 2362 provideri
532 2301 599 2343 uon
621 2280 763 2363 possint,
793 2280 929 2345 fortuito
961 2280 996 2343 in
1025 2280 1140 2344 melius
1164 2316 1165 2330 κ

111 2368 166 2433 ‘an
188 2369 382 2432 festinamus
406 2389 477 2431 cum
501 2366 685 2432 Germanici
708 2368 868 2433 cineribus
889 2367 1061 2452 adpellere,
1084 2371 1122 2432 ut
1143 2371 1165 2431 tr

68 2473 101 2522 10
111 2457 214 2520 ditum
238 2459 271 2520 et
288 2456 489 2520 indefensum
507 2457 660 2539 planctus
683 2456 888 2542 Agrippinae
907 2478 944 2520 ac
962 2456 1078 2540 vulgus
1097 2457 1164 2540 imp

109 2630 176 2685 hist.
200 2636 230 2697 3,
254 2635 297 2684 38.
329 2646 392 2684 ann.
418 2636 447 2697 4,
474 2636 506 2684 12
530 2632 671 2699 potentiae
762 2637 786 2688 6.
823 2648 888 2700 erpa
905 2630 945 2684 im
964 2628 1165 2685 feindlichenl

111 2702 208 2768 anaia,
229 2702 301 2756 auch
319 2701 366 2756 bei
380 2700 453 2756 ovid
470 2701 528 2755 und
547 2701 611 2755 dem
630 2702 671 2756 al·
725 2701 798 2755 Einl.
818 2707 842 2768 ξ.
862 2707 905 2756 st.

112 2775 192 2827 teren
209 2771 326 2829 Plinius.
763 2773 810 2829 ll.
836 2781 859 2827 1.
885 2773 1011 2827 amicitia
1028 2773 1101 2827 statt
1119 2790 1165 2826 arn

147 2867 172 2918 8.
191 2863 316 2916 essedae
334 2860 481 2929 „sterben“
502 2864 558 2915 erst
571 2862 611 2915 im
625 2859 672 2914 sil·
726 2860 768 2912 01>-
785 2849 823 2931 „27
847 2860 880 2897 ex
898 2845 999 2897 intima
1016 2843 1134 2927 lef’llil
1152 2862 1165 2897 a

110 2934 216 2988 bernen
233 2932 342 2987 Iratam.
362 2932 413 2986 Die
427 2931 572 2987 Frfiheren
584 2932 672 3003 stigen
725 2913 815 2968 Dafur
840 2915 890 2968 (101
907 2913 1004 2997 Plflffll
1022 2920 1161 2969 ammisse

110 3005 169 3059 cita
187 3004 255 3059 oder
273 3021 287 3057 e
304 3005 364 3058 cita
382 3003 473 3056 hinnu.
726 2991 752 3054 5,
771 2991 796 3041 2·
832 2985 897 3055 Vgl·
916 2984 988 3041 Emi
1007 2989 1031 3050 §-
1050 2991 1075 3039 2·

150 3098 191 3148 10.
211 3093 304 3147 Ueber
317 3093 472 3146 insolescere
487 3109 506 3145 s.
521 3109 555 3144 zu
568 3109 611 3160 op.
628 3097 671 3148 63.
725 3054 1165 3196 ἕθὲὲὲᾌᾎηέἒῶᾞζξ,ᾜ

148 3178 195 3235 ld.
229 3185 254 3231 2-
287 3195 404 3233 canan
422 3179 513 3248 „ohne
533 3179 671 3234 Slallhal·
725 3200 781 3250 tius
808 3198 949 3252 entweder
973 3197 1055 3252 weiss
1081 3197 1149 3251 oder

110 3250 185 3314 ter“;
206 3249 262 3317 Vgl·
282 3267 316 3301 zu
334 3265 377 3317 01³·
397 3255 422 3302 3·
726 3270 797 3321 setzt
814 3269 872 3321 und
889 3285 948 3323 was
963 3268 1078 3323 Tacitus
1095 3270 1165 3322 wahr

149 3343 173 3390 3.
207 3337 374 3390 consultanti
396 3335 434 3389 ist
456 3337 559 3390 hdchst
584 3353 671 3406 unge·
724 3339 783 3392 lich
801 3340 873 3394 auch
892 3339 1001 3409 glaubt,
1019 3340 1165 3409 wenngleir

111 3406 253 3462 wdhnlich
277 3405 357 3460 nicht
375 3423 439 3461 vom
457 3407 671 3476 Hauptverbum
725 3410 806 3464 nicht
823 3410 983 3465 versichcrn
1000 3411 1084 3464 kann.

111 3479 235 3533 censebn
253 3479 334 3547 (statt
351 3479 502 3546 respondit)
518 3478 670 3549 abhtngig,
762 3487 786 3534 6.
815 3496 947 3536 senescere
964 3497 1020 3535 von
1038 3481 1164 3534 sachlieh

112 3549 232 3604 sondern
249 3565 306 3604 von
324 3549 541 3619 properandum.
578 3550 671 3603 Aehn-
725 3550 1045 3622 abstractenBegriffen‚
1064 3551 1116 3606 wic
1130 3552 1165 3605 hir

111 3620 170 3675 lich
190 3626 266 3689 11,s
293 3620 462 3675 consultanti
480 3650 514 3658 -
532 3621 600 3687 flens
624 3620 671 3674 Vi·
725 3637 861 3676 senescens
886 3623 972 3689 fanc.
1004 3622 1165 3677 Achnlicha

112 3693 203 3746 tallias
226 3697 431 3746 commemorata
454 3695 585 3745 vetustate
603 3693 671 3746 ani·
725 3692 771 3747 bei
789 3691 887 3748 Cicero
903 3693 962 3747 und
980 3692 1084 3748 Livius.

112 3763 193 3816 citiae
213 3793 244 3802 —
264 3763 378 3817 liberam
400 3763 496 3817 mortis
524 3763 672 3816 arbitrium
762 3769 786 3817 9.
816 3781 854 3818 an
871 3764 1042 3830 festinamas.
1067 3763 1165 3818 Dieser

113 3833 138 3886 ei
153 3832 287 3899 permisit,
305 3850 349 3887 wo
368 3834 421 3888 mit
434 3833 602 3888 consultanti
615 3833 672 3887 und
725 3834 848 3888 mittelte
870 3833 1040 3904 Uebergang
1060 3852 1116 3889 von
1141 3835 1165 3888 dr

113 3903 138 3956 ei
160 3902 359 3957 verschiedena
381 3905 522 3959 Personen
547 3904 672 3973 gemeint
725 3907 821 3960 recten
838 3923 886 3959 aur
910 3905 1035 3960 directcn
1053 3905 1145 3974 Reda,

114 3973 176 4027 sind
195 3972 252 4026 und
271 3973 319 4027 der
338 3976 410 4029 erate
424 3976 509 4030 Dativ
527 3992 583 4031 von
601 3990 672 4030 com-
725 3975 788 4030 vius
815 3979 889 4030 etwa
917 3975 1002 4031 zwdlf
1023 3976 1083 4030 Mal
1107 3976 1159 4030 hat

112 4048 261 4100 nemnata
278 4044 412 4114 abhtngt.
726 4047 786 4101 sich
813 4047 884 4101 auch
910 4064 974 4102 ann.
993 4053 1023 4115 3,
1049 4053 1092 4101 12.
1118 4053 1163 4100 46.

149 4120 173 4170 5.
197 4115 300 4168 inania
316 4116 416 4182 sanae,
434 4117 487 4170 wie
506 4118 573 4186 Agr.
593 4122 609 4170 6
628 4118 671 4171 in·
726 4118 789 4172 hist.
809 4123 834 4187 3,
853 4125 878 4172 2.
916 4119 1000 4174 Sonst
1016 4118 1108 4173 bildet
1125 4119 1165 4187 in

113 4187 182 4241 ania
203 4185 322 4240 honoris.
360 4184 416 4243 Cic.
439 4186 518 4242 Verr.
542 4189 563 4241 I.
589 4191 612 4252 ᾖ.
638 4193 671 4240 15
725 4188 905 4258 Uebergang,
922 4189 975 4244 wie
996 4195 1037 4257 16,
1057 4195 1099 4243 22.
1120 4220 1154 4228 -

112 4257 214 4313 inania
230 4257 391 4312 nobilitatis.
417 4273 481 4311 ann.
500 4264 526 4326 4,
545 4263 580 4311 59
598 4273 673 4312 rana
726 4265 771 4313 tas
797 4260 827 4315 in
855 4260 946 4315 dieser
972 4260 1139 4330 Bedeutung

113 4329 239 4384 wmoris.
727 4330 867 4386 silbernen
886 4331 999 4400 Latein,
1024 4331 1165 4399 indefensa
