2752 4784
425 200 535 254 LIBER
553 201 587 254 Il.
625 200 701 256 CAP.
722 207 839 257 72—75.
1162 205 1225 270 139

45 361 179 445 decora,
202 362 474 447 genereinsigni,
497 362 583 426 haud
606 364 744 428 multum
766 365 905 448 triginta
928 388 1030 431 annos
1050 387 1225 452 egressum,
1244 385 1260 432 5

45 473 184 516 suorum
202 450 330 515 insidiis
346 453 495 515 externas
514 451 599 514 inter
617 455 731 537 gentes
751 453 920 537 occidisse3
941 455 996 518 sed
1009 454 1095 520 huric
1113 456 1225 520 mitem

43 560 131 624 erga
167 539 301 623 amicos,
339 539 501 604 modicum
533 540 750 623 voluptatum,
778 563 842 605 uno
874 543 1096 628 matrimonio,
1129 546 1224 609 certis

44 629 163 693 liberis
187 629 306 712 egisse,
333 649 437 712 neque
465 628 571 691 minus
604 629 843 712 proeliatorem,
867 631 966 694 etiarn
999 633 1027 696 si
1058 634 1224 698 temeritas

44 716 170 782 afuerit
200 717 469 800 praepeditusque
498 717 541 780 sit
567 718 732 800 perculsas
769 721 820 782 tot
855 719 1000 784 victoriis
1034 719 1223 786 Germanias

43 805 185 871 servitio
217 826 373 889 premere.
418 805 503 888 quod
541 805 568 869 si
604 806 692 870 solus
729 807 849 870 arbiter
879 829 999 886 rerum,
1032 809 1059 872 si
1090 809 1159 874 iure
1191 814 1225 874 et
1235 826 1267 875 10

45 894 183 959 nomine
212 894 302 978 regio
329 893 460 976 fuisset,
489 896 583 958 tanto
618 895 800 978 promptius
830 895 1055 960 adsecuturum
1085 897 1223 982 gloriam

44 983 194 1061 militiae,
218 986 374 1066 quantum
397 982 577 1064 clementia,
599 984 824 1066 temperantia,
848 984 961 1049 ceteris
984 984 1079 1050 bonis
1099 987 1222 1050 artibus

44 1071 275 1154 praestitisset.
322 1067 437 1153 corpus
468 1074 641 1154 antequam
674 1075 869 1136 cremaretur
900 1073 1058 1137 nudatum
1088 1074 1123 1137 in
1150 1074 1222 1139 foro

43 1159 329 1242 Antiochensium,
348 1159 403 1243 qui
420 1160 510 1224 locus
530 1158 715 1242 sepulturae
734 1160 968 1244 destinabatur,
991 1162 1222 1244 praetuleritne

44 1249 197 1313 veneficii
221 1248 323 1332 signa,
345 1268 461 1331 parum
494 1248 656 1330 constitit3
686 1270 763 1312 nam
791 1252 828 1312 ut
851 1251 922 1333 quis
946 1251 1166 1315 misericordia
1187 1251 1265 1315 in15

42 1336 277 1401 Germanicum
307 1339 340 1400 et
361 1339 570 1419 praesumpta
598 1336 781 1419 suspicione
805 1342 861 1401 aut
883 1338 994 1403 favore
1016 1340 1051 1402 in
1069 1339 1221 1404 Pisonem

42 1426 189 1510 pronior,
213 1424 330 1488 diversi
351 1425 657 1508 interpretabantur.
842 1498 843 1501 ¹

137 1511 350 1578 Consulatum
386 1513 461 1577 inde
497 1514 583 1577 inter
618 1514 744 1597 legatos
782 1514 899 1598 quique
942 1515 998 1579 alii
1034 1518 1274 1581 senatorumll

41 1602 191 1684 aderant,
214 1602 361 1685 quisnam
385 1599 496 1665 Suriae
519 1602 756 1684 praeficeretur.
788 1605 820 1665 et
843 1603 957 1667 ceteris
985 1603 1109 1668 modice
1131 1606 1220 1689 nisis,

44 1692 133 1755 inter
164 1689 299 1755 Vibium
330 1690 474 1754 Marsum
507 1693 540 1754 et
572 1688 628 1754 (ln.
652 1688 797 1754 Sentium
830 1691 884 1755 diu
917 1693 1111 1775 quaesitum:
1145 1692 1219 1757 dein

41 1779 174 1844 Marsus
194 1778 312 1843 seniori
340 1782 373 1843 et
405 1779 510 1842 acrius
537 1778 686 1842 tendenti
710 1777 820 1843 Sentio
850 1780 1016 1844 concessit.
1056 1780 1148 1864 isque
1171 1782 1220 1844 in-
1301 1789 1304 1794 ’

42 1868 166 1932 famem
186 1867 346 1932 veneficiis
366 1887 404 1930 ea
418 1867 452 1930 in
466 1867 634 1950 provincia
653 1870 686 1930 et
698 1867 874 1931 Plancinae
892 1889 1069 1952 percaram,
1088 1870 1218 1933 nomine
1238 1887 1253 1934 5

24 1955 230 2039 -Martinam,
253 1956 288 2019 in
311 1956 423 2019 urbem
452 1956 556 2034 misit,
584 1955 827 2038 postulantibus
850 1954 985 2021 Vitellio
1015 1979 1052 2021 ac
1074 1955 1217 2022 Veranio

41 2045 225 2128 ceterisque
262 2045 317 2128 qui
354 2044 491 2108 crimina
527 2047 560 2107 et
592 2044 830 2109 accusationem
862 2048 1029 2128 tamquam
1066 2045 1217 2110 adversus

40 2136 191 2217 receptos
213 2133 280 2196 iam
302 2153 374 2196 reos
397 2132 610 2197 instruebant.

133 2221 180 2284 At
202 2221 394 2305 Agrippina,
417 2242 612 2304 quamquam
635 2220 761 2285 defessa
783 2221 873 2285 luctu
896 2225 929 2285 et
952 2243 1085 2305 corpore
1109 2242 1215 2307 aegra,
1229 2224 1271 2288 75

40 2309 189 2376 omnium
211 2312 322 2373 tamen
346 2330 427 2393 quae
446 2309 604 2374 ultionem
627 2312 831 2373 morarentur
852 2310 1044 2394 intolerans,
1073 2311 1219 2375 ascendit

40 2399 181 2464 classem
222 2419 295 2462 cum
336 2398 498 2463 cineribus
535 2396 719 2462 Germanici
756 2401 789 2461 et
824 2397 947 2481 liberis,
984 2400 1215 2464 miserantibus

40 2488 183 2570 cunctis,
215 2486 300 2570 quod
332 2485 452 2550 femina
482 2486 652 2550 nobilitate
684 2486 848 2569 princeps,
875 2486 1093 2570 pulcherrimo
1121 2487 1216 2553 modo

42 2575 253 2640 matrimonio
281 2575 366 2638 inter
392 2574 575 2639 venerantis
606 2575 829 2660 gratantisque
862 2575 964 2658 aspici
996 2576 1106 2660 solita,
1138 2581 1252 2641 tunes

41 2664 154 2728 feralis
178 2663 330 2747 reliquias
358 2663 430 2727 sinu
453 2663 565 2745 ferret,
592 2663 714 2727 incerta
736 2663 884 2742 ultionis,
912 2665 1009 2727 anxia
1040 2665 1090 2729 sui
1114 2668 1147 2729 et
1169 2666 1216 2729 in·

41 2752 129 2818 felici
157 2751 353 2816 fecunditate
385 2752 535 2816 fortunae
566 2751 687 2816 totiens
720 2752 866 2815 obnoxia.
902 2750 1056 2816 Pisonem
1088 2753 1217 2818 interim

41 2946 71 3001 in
89 2945 182 3000 dieser
199 2944 365 3012 Bedeutung
382 2937 431 2997 du.
451 2942 512 3012 εἰρ,
529 2943 602 2997 nach
694 2941 741 2998 74.
760 2949 785 2998 3.
810 2943 908 2997 Vibius
929 2943 1001 2998 wird
1018 2943 1058 2997 im
1077 2945 1162 2999 Jahre
1181 2951 1215 3000 37

41 3015 181 3085 Analogia
219 3031 276 3070 von
313 3031 443 3083 aequare,
484 3014 602 3068 welches
655 3013 686 3066 iu
709 3014 770 3067 eine
793 3014 923 3083 Anklage
950 3015 1001 3068 auf
1020 3014 1216 3070 Hcchrerrath

40 3088 128 3143 achon
156 3086 253 3140 Cicero
284 3086 341 3139 und
368 3085 463 3139 hivius
496 3101 527 3139 so
555 3101 601 3153 ge·
655 3083 833 3152 verwiclrelt,
862 3086 929 3140 aber
955 3085 1044 3139 durch
1072 3085 1126 3140 den
1154 3086 1216 3141 rod

40 3158 192 3213 brauchen.
656 3155 860 3210 des·Tiberius
883 3157 1013 3225 gerettet.
1041 3186 1076 3195 -
1103 3157 1216 3212 Sestius

76 3234 102 3283 5.
122 3229 248 3297 triplasia.
266 3227 304 3280 Er
322 3244 380 3281 war
398 3233 431 3281 33
451 3226 536 3281 Jahre
551 3225 600 3280 alt.
655 3242 715 3280 war
732 3231 750 3279 4
768 3245 795 3280 n.
815 3226 878 3281 Chr.
899 3225 1001 3281 Consul
1019 3244 1155 3296 gewesen.

78 3305 103 3354 ’1.
121 3299 245 3353 madiam
263 3297 317 3351 mit
334 3300 398 3353 dem
413 3296 542 3365 Genitiv,
562 3296 601 3350 af-

39 3372 84 3425 ter
101 3371 133 3424 in
151 3370 207 3423 den
225 3369 366 3437 Annalen,
393 3369 432 3423 ist
454 3368 601 3422 nachlrlas·

42 3441 129 3509 sisch,
149 3458 202 3493 nur
220 3440 293 3494 noch
310 3440 358 3494 bei
376 3438 447 3494 Vell.
468 3445 493 3505 1,
514 3444 555 3507 12,
574 3446 599 3493 4.

41 3512 79 3566 So
104 3512 179 3566 auch
201 3511 362 3566 immodicus
380 3511 468 3565 auimu'
490 3510 555 3566 hist.
576 3516 600 3578 1,

42 3587 87 3637 aa.
118 3598 183 3636 ann.
203 3587 245 3649 15,
264 3587 307 3636 aa.

76 3660 102 3708 8.
122 3653 293 3736 proeliator,
312 3653 385 3707 auch
403 3652 468 3706 dial.
489 3658 532 3719 37,
550 3652 600 3705 fin-

40 3724 90 3779 det
108 3724 168 3778 srch
187 3741 239 3777 nur
256 3722 287 3777 in
305 3723 463 3778 nachlrlass.
482 3722 575 3777 Prosa.

77 3800 120 3849 11.
153 3795 361 3860 adsecuturum,
377 3793 436 3849 scil.
454 3795 548 3862 fuisse,
566 3812 600 3847 zu

40 3881 56 3920 a
78 3909 84 3922 .
104 3871 148 3923 31.

56 3883 120 3990 plu.
154 3941 296 4005 quamtum,
315 3935 379 3990 dem
397 3934 600 4004 voraufgehen-

39 4007 106 4062 dem
123 4012 202 4062 tauto
220 4007 437 4075 cataprechend,
460 4006 514 4060 wie
532 4004 598 4060 hist.

41 4084 66 4144 2,
78 4083 258 4148 acquantum
271 4078 347 4133 hebes
357 4082 478 4132 -tauto
487 4092 599 4146 promp-

40 4151 103 4205 aar.
132 4149 332 4217 Liv.5‚1o,a
355 4153 490 4219 quautam
510 4151 599 4202 autem

39 4222 194 4289 acuebatur
216 4221 334 4275 militum
356 4235 499 4284 ausurus,
523 4222 601 4271 tauto

39 4292 144 4346 maiore
159 4292 281 4360 periuria
299 4293 331 4345 a'u
348 4292 514 4359 stipeuda'um
533 4303 601 4357 opus

37 4367 106 4418 erat.

692 3303 716 3350 6.
741 3296 857 3352 Vitellio.
877 3298 915 3351 Es
933 3297 970 3353 ist
987 3298 1105 3352 Publius
1125 3298 1214 3354 Vitel-

654 3367 718 3432 lius,
738 3385 759 3422 s.
781 3386 816 3421 au
835 3374 860 3436 1,
879 3375 921 3424 70.
940 3401 974 3409 -
999 3369 1127 3437 Veranio,
1146 3389 1165 3424 s.
1181 3389 1214 3424 zu

655 3454 697 3506 op.
719 3443 760 3494 56.

692 3514 716 3563 ⁷.
752 3514 891 3577 tamquam
915 3511 965 3565 att.
1003 3510 1142 3581 Obgleich
1167 3512 1213 3566 die

654 3578 745 3648 Klage
764 3580 836 3633 noch
859 3579 938 3634 nicht
961 3580 1126 3650 eingeleitet
1146 3600 1212 3651 war,

655 3650 781 3704 erlaubte
801 3667 866 3704 man
889 3651 948 3704 sich
965 3651 1070 3708 bereits
1089 3653 1212 3709 Schritte

654 3739 703 3802 zur
730 3720 972 3790 Beweisfiihrung,
1004 3722 1049 3778 die
1082 3743 1115 3777 zu
1147 3724 1213 3780 weit

654 3807 766 3860 gingen.

691 3861 738 3918 75.
771 3867 795 3916 2.
827 3862 979 3916 lutolcraus
1001 3864 1054 3936 mit
1077 3865 1141 3919 dem
1160 3865 1213 3920 Ge·

653 3931 738 3999 nitir,
764 3931 817 3987 wic
842 3937 871 3999 1,
895 3938 928 3986 31
952 3933 1011 3987 und
1030 3935 1114 4004 tfter,
1140 3937 1213 3991 doch

654 4005 712 4057 erst
725 4003 755 4057 in
769 4003 822 4057 den
836 4008 983 4072 grosseren
993 4005 1128 4073 Werlren3
1147 4025 1210 4061 aus·

654 4073 761 4128 serdem
784 4091 837 4127 nur
859 4074 905 4128 bei
923 4075 1025 4130 Livius.
1044 4077 1154 4132 Ebenso
1173 4083 1212 4133 to·

654 4145 745 4200 laruas
764 4161 828 4199 ann.
847 4150 874 4212 4,
894 4150 918 4201 1.

691 4221 714 4269 6.
752 4216 862 4282 feralis,
879 4215 938 4271 urie
961 4234 1004 4286 cp.
1023 4224 1056 4273 31
1080 4220 1211 4275 tenebrae.

654 4292 680 4353 3,
700 4291 714 4338 1
739 4302 821 4355 arua,
845 4287 892 4341 bei
912 4287 1046 4343 Dichtern
1066 4290 1125 4343 und
1144 4289 1212 4360 Spa-

654 4359 741 4410 teren.
771 4387 804 4395 -
833 4360 922 4414 auxia
948 4361 1006 4429 sui,
1033 4360 1087 4414 wie
1112 4367 1142 4428 4,
1168 4368 1211 4419 59.
