2722 4762
358 173 468 229 LIBER
484 175 532 232 111.
570 176 648 232 csP.
667 183 781 234 ss-as.
1095 177 1158 242 171

98 356 157 419 que
181 336 280 400 etiam
304 358 342 401 ac
361 338 446 401 servi
468 341 606 422 patrono
630 341 680 404 vel
699 340 839 424 domino,
862 362 935 405 eum
958 361 1061 424 voces,
1084 362 1157 405 cum

98 449 102 487 ι
135 425 348 508 intentarent,
376 426 461 491 ultro
492 428 727 492 metuebantur.
763 429 864 513 igitur
892 427 927 494 C.
950 427 1078 496 Cestius
1099 422 1194 495 'se-5

119 512 271 577 disseruit
305 514 468 597 principes
505 515 634 600 quidem
670 518 775 581 instar
810 518 943 582 deorum
981 539 1063 600 esse,
1101 518 1158 582 sed

113 625 133 666 a
155 601 205 666 dis
229 602 294 666 nisi
316 604 419 668 iustas
444 605 625 687 supplicum
648 627 759 688 preces
783 606 896 689 audiri,
918 628 1022 689 neque
1047 628 1157 691 quem-

116 691 151 754 in
184 689 380 774 Capitolium
413 693 516 756 aliave
552 693 641 757 urbis
672 695 795 778 templa
831 695 1014 779 perfugere,
1046 698 1083 758 ut
1119 716 1157 760 eo

99 779 131 844 io
154 780 195 843 ad
218 780 342 865 flagitia
365 784 484 846 utatur.
520 781 660 846 abolitas
688 782 776 867 leges
806 788 839 847 et
868 783 1012 847 funditus
1036 804 1157 867 versas,

121 869 205 951 foro,
231 869 266 932 in
293 869 405 933 limine
428 869 535 934 curiae
559 870 600 934 ab
624 869 735 935 Annia
758 871 887 954 Rufilla,
910 894 1008 956 quam
1030 871 1155 936 fraudis
1167 889 1200 938 10

98 956 186 1021 udice
216 957 451 1042 damnavisset,
482 960 603 1042 probra
634 958 697 1023 sibi
728 962 761 1022 et
798 960 905 1023 minae
937 959 1156 1043 intendantur,

109 1046 179 1127 ipse
203 1046 320 1111 audeat
342 1046 391 1110 ius
416 1047 555 1128 experiri
578 1047 619 1112 ob
644 1047 782 1132 effigiem
805 1047 1010 1130 imperatoris
1030 1049 1157 1132 opposi-

100 1133 189 1197 haud
220 1134 391 1199 dissimilia
419 1135 474 1199 alii
502 1139 535 1199 et
561 1135 693 1219 quidam
724 1137 886 1201 atrociora
914 1138 1157 1220 circumstrepe-

98 1223 373 1307 precabanturque
395 1222 539 1288 Drusum
562 1225 655 1288 daret
676 1224 811 1288 ultionis
835 1225 1032 1310 exemplum,
1055 1224 1157 1290 donec

98 1333 120 1374 n
144 1311 389 1395 convictamque
413 1313 544 1376 attineri
566 1312 697 1395 publiea
719 1314 866 1377 custodia
889 1313 992 1378 iussit.
1168 1329 1202 1378 15

98 1403 117 1462 t
141 1399 312 1464 Considius
340 1401 473 1485 Aequus
502 1404 535 1464 et
561 1399 688 1465 Caelius
713 1399 832 1466 Cursor
861 1402 984 1485 equites
1007 1400 1156 1486 Romani,
1167 1403 1209 1466 37

98 1489 169 1552 letis
183 1489 363 1553 maiestatis
378 1489 565 1553 criminibus
579 1489 724 1574 Magium
739 1488 958 1554 Caecilianum
973 1492 1158 1574 praetorem

100 1580 187 1660 sent,
209 1582 340 1642 auctore
362 1578 508 1662 principe
527 1600 565 1642 ae
588 1578 715 1642 decreto
740 1582 872 1642 senatus
895 1578 1010 1662 puniti.
1034 1582 1157 1642 utrum-

98 1722 101 1728 .
125 1665 256 1730 laudem
278 1664 378 1730 Drusi
401 1666 604 1731 trahebatur:
632 1667 674 1730 ab
702 1687 740 1730 eo
764 1667 798 1730 in
821 1667 913 1750 urbe,
936 1667 1022 1730 inter
1046 1669 1157 1731 coetus

98 1776 197 1819 nones
211 1754 379 1818 hominum
394 1756 597 1838 obversante,
616 1758 740 1820 secreta
753 1755 855 1838 patris
870 1755 1023 1839 mitigari.
1052 1776 1156 1838 neque
1174 1770 1191 1818 5

100 1843 135 1907 in
158 1843 273 1908 iuvene
297 1843 376 1907 adeo
400 1843 605 1927 displicebat:
637 1843 700 1907 huc
722 1843 833 1926 potius
856 1842 1047 1926 intenderet,
1072 1843 1156 1907 diem

98 1932 272 2013 ationibus‚
295 1935 425 1996 noctem
444 1932 599 1996 conviviis
621 1932 760 2016 trahere,
783 1953 880 2014 quam
900 1932 987 1996 solus
1008 1934 1041 1995 et
1058 1931 1156 1995 nullis

98 2021 207 2084 atibus
240 2023 394 2085 avocatus
426 2023 585 2084 maestam
621 2020 825 2106 vigilantiam
858 2024 891 2084 et
926 2021 1040 2095 malas,
1063 2041 1156 2084 curas

98 2111 151 2174 ret.

98 2196 147 2262 'on
167 2197 255 2261 enim
272 2197 429 2281 Tiberius,
447 2220 513 2262 non
528 2201 731 2263 accusatores
745 2197 949 2262 fatiscebant.
982 2200 1014 2261 et
1027 2195 1156 2261 Ancha-
1166 2197 1210 2262 38

99 2287 204 2350 riscus
228 2283 378 2350 Caesium
398 2285 540 2350 Cordum
563 2307 622 2369 pro
646 2287 776 2350 consule
796 2284 911 2350 Cretae
934 2285 1158 2369 postulaverat

98 2374 187 2458 ndis,
203 2374 313 2439 addito
333 2374 515 2440 maiestatis
535 2374 683 2459 erimine,
702 2375 788 2458 quod
807 2379 877 2438 tum
897 2374 1042 2439 omnium
1065 2394 1156 2438 accu-

98 2583 119 2634 r,
145 2569 250 2622 musste
273 2567 319 2621 die
341 2565 471 2635 Anklage
494 2567 542 2621 be·
632 2571 657 2621 5.
690 2571 791 2621 secreta
818 2565 882 2634 „die
909 2566 1058 2635 geheimen
1085 2565 1154 2634 (und

98 2654 142 2692 en.
597 2636 840 2707 argwdhnischen)
859 2636 1039 2691 Cedanken“.

98 2713 256 2775 aestarent,
274 2708 320 2763 ein
339 2709 470 2778 Zeugma,
489 2707 542 2762 vvis
633 2715 657 2763 7.
687 2709 933 2774 aedificationibus.
969 2706 1040 2761 Dass
1064 2722 1095 2760 er
1119 2723 1156 2761 an

98 2796 180 2834 ranas
198 2797 233 2835 ac
254 2781 391 2848 supplices
412 2794 487 2833 voces
505 2779 544 2832 ad
596 2779 798 2833 Privatbauten
816 2778 986 2848 Vergnfigen
1008 2777 1088 2843 fund,
1113 2793 1155 2831 se·

98 2868 125 2905 cs
137 2851 258 2906 taudem.
278 2856 320 2916 12,
339 2856 381 2906 47,
398 2880 432 2889 -
446 2849 544 2904 Dieser
597 2850 653 2903 hen
676 2849 727 2903 wir
749 2867 802 2902 nur
825 2866 875 2903 aus
894 2848 986 2902 dieser
1004 2847 1101 2902 Stella.
1121 2878 1155 2888 -

107 2922 172 2976 tritt
189 2922 229 2975 im
247 2921 274 2975 J.
293 2927 327 2975 32
352 2921 393 2974 als
411 2921 542 2990 Angeber
596 2920 652 2974 Der
676 2919 801 2973 Infinitiv
826 2920 932 2973 trabere
956 2917 994 2972 ist
1019 2934 1155 2987 epexege-

98 2993 107 3046 l
124 2992 197 3047 vird
214 2992 254 3046 im
272 2992 297 3046 J.
318 2997 351 3046 36
372 2991 482 3046 Consul.
596 2991 678 3045 tisch.
710 2989 856 3044 Klassiker
874 2989 973 3044 httten
988 2989 1103 3112 gesagt:
1122 2992 1155 3042 ut

98 3079 167 3118 ereas
185 3065 257 3118 statt
276 3079 389 3118 everam.
425 3062 489 3132 Vgl.
509 3080 543 3115 zu
596 3063 720 3115 traheret.
749 3091 783 3100 -
811 3077 893 3129 quam
919 3059 959 3113 im
1007 3059 1073 3113 inne
1098 3075 1155 3113 von

595 3149 677 3202 quam
695 3136 726 3185 ut
745 3131 809 3199 (vie
828 3130 920 3185 Ititter
937 3129 1000 3184 hier
1013 3129 1154 3198 corrigirt)

98 3206 145 3260 sub
167 3205 274 3270 iudice,
300 3204 354 3259 wie
378 3203 442 3260 hist.
462 3210 487 3270 4,
507 3210 541 3258 64
596 3203 672 3257 steht
695 3202 782 3256 sehon
804 3202 851 3256 bei
873 3201 981 3255 Sallust
1005 3200 1063 3255 und
1080 3200 1154 3255 noch

98 3277 174 3330 stom.
212 3275 330 3330 Sueton:
362 3276 411 3329 aab
436 3275 540 3342 paeda·
596 3275 669 3328 efter
686 3273 733 3328 bei
750 3271 854 3327 Livius.

98 3348 135 3400 ab
145 3352 267 3416 paterna
281 3347 542 3400 acia-dcmaare
631 3344 679 3400 38.
714 3350 737 3398 1.
770 3344 895 3410 fatiscere
918 3343 957 3398 ist
983 3341 1155 3397 dichterisch

98 3417 295 3486 'erurtheilung
327 3409 540 3471 herbeiliihren“
594 3415 653 3468 und
671 3414 889 3469 nachklassisch.
905 3444 940 3454 -
953 3419 979 3468 et
996 3412 1087 3468 bildet
1099 3413 1155 3468 den

98 3488 205 3557 klager.
242 3487 351 3541 Ebenso
382 3488 469 3541 sehon
496 3485 542 3540 bei
596 3485 765 3555 Uebergang
787 3501 853 3540 vom
877 3484 1073 3554 Allgemeinen
1091 3501 1154 3537 aum

98 3581 113 3628 ι,
141 3558 263 3684 vveslcher
287 3556 487 3683 remisero
513 3558 542 3610 in
598 3556 843 3681 Speciepperp'tme
862 3560 965 3680 metuo,
982 3556 1081 3680 eqapttetp
1098 3553 1155 3607 no-

98 3647 145 3684 sen
193 3646 260 3683 mne
286 3645 317 3683 co
417 3645 464 3683 ere
515 3644 543 3681 e·
596 3644 673 3681 marce
761 3644 841 3681 evam
965 3642 1012 3678 am

98 3717 110 3756 a
496 3645 515 3697 g
633 3705 658 3752 2.
694 3698 800 3752 Cordus
822 3696 893 3751 vird
916 3699 969 3765 (cp.
989 3698 1033 3764 ¹10)
1056 3711 1156 3764 vegsu

98 3773 203 3842 effipia
229 3771 260 3824 in
283 3769 428 3824 derselben
454 3771 543 3824 meta-
597 3770 772 3838 Erpressung
799 3766 974 3823 verurtheilt.
1000 3797 1034 3806 -
1061 3772 1156 3834 postu-

98 3843 153 3897 hen
184 3842 352 3910 Bedeutung
382 3841 436 3895 vvie
469 3841 540 3894 oben
598 3842 655 3894 lare
677 3839 731 3892 mit
754 3839 895 3892 causalem
913 3836 1028 3891 Ablativ
1051 3837 1089 3892 ist
1106 3831 1156 3892 de.

598 3908 648 3978 sto.
674 3909 788 3963 Tacitus
803 3909 954 3962 construirt
968 3925 996 3962 es
1012 3909 1089 3962 sonst
1103 3908 1156 3962 mit

98 4029 110 4041 ..
127 3985 186 4038 und
200 3990 225 4038 2.
245 3981 542 4052 DiegananntenPer·
598 3982 662 4036 dem
681 3979 807 4047 Genitiv‚
832 3978 927 4034 Cicero
950 3979 1004 4032 mit
1022 3979 1071 4032 der
1089 3979 1156 4032 Pra-

98 4056 153 4110 dnd
172 4057 253 4111 sonst
269 4049 444 4108 unbekannt.
597 4051 721 4121 position
734 4053 774 4106 de.
798 4050 877 4105 Doch
891 4050 948 4118 vgl.
964 4049 1075 4106 Sueton
1093 4049 1157 4104 Oth.

98 4129 176 4183 risere
195 4128 227 4179 iu
246 4126 353 4180 laudem
373 4124 543 4192 („auslegen,
598 4130 613 4178 2
633 4124 781 4177 damnatos
794 4123 960 4190 repetundis.
989 4121 1159 4190 Regelrecht

98 4201 171 4268 ren“)
196 4196 250 4251 wie
273 4212 316 4265 cp.
340 4201 373 4248 22
398 4196 435 4249 ad
457 4195 543 4248 saeui·
598 4193 644 4247 bei
662 4192 744 4261 Apul.
763 4194 829 4248 met.
845 4199 870 4260 3,
890 4198 906 4246 6
924 4207 959 4246 ne
976 4193 1085 4246 tantillo
1099 4192 1158 4258 qai·

98 4275 162 4337 ,64
181 4269 220 4322 ad
238 4267 356 4336 scalpam.
374 4265 439 4319 hist.
459 4271 489 4333 2,
509 4270 543 4317 20
598 4265 657 4318 dem
688 4281 811 4332 uuquam
845 4264 958 4318 camiac
990 4262 1156 4330 postulatas.

98 4342 196 4397 rbiam.
599 4342 623 4403 7,
643 4341 659 4388 3
679 4335 792 4388 crimine
810 4335 951 4389 latrocinii
965 4332 1138 4401 postulabar.
