<?xml version="1.0" encoding="UTF-8"?>
<!DOCTYPE html PUBLIC "-//W3C//DTD XHTML 1.0 Transitional//EN"
    "http://www.w3.org/TR/xhtml1/DTD/xhtml1-transitional.dtd">
<html xmlns="http://www.w3.org/1999/xhtml" xml:lang="en" lang="en">
 <head>
  <title>
</title>
<meta http-equiv="Content-Type" content="text/html;charset=utf-8" />
  <meta name='ocr-system' content='tesseract 3.04.00' />
  <meta name='ocr-capabilities' content='ocr_page ocr_carea ocr_par ocr_line ocrx_word'/>
</head>
<body>
  <div class='ocr_page' id='page_1' title='image "./dieannalendesta00tacigoog_0467.png"; bbox 0 0 2722 4762; ppageno 0'>
   <div class='ocr_carea' id='block_1_1' title="bbox 112 255 982 319">
    <p class='ocr_par' dir='ltr' id='par_1_1' title="bbox 112 255 982 319">
     <span class='ocr_line' id='line_1_1' title="bbox 112 255 982 319; baseline -0.001 -1"><span class='ocrx_word' id='word_1_1' title='bbox 112 255 176 319; x_wconf 88' lang='grc'><strong>146</strong></span> <span class='ocrx_word' id='word_1_2' title='bbox 440 260 612 317; x_wconf 80' lang='lat' dir='ltr'>CORNELII</span> <span class='ocrx_word' id='word_1_3' title='bbox 636 260 759 315; x_wconf 82' lang='lat' dir='ltr'>TACITI</span> <span class='ocrx_word' id='word_1_4' title='bbox 782 262 982 317; x_wconf 79' lang='lat' dir='ltr'>ANNALIUM</span> 
     </span>
    </p>
   </div>
   <div class='ocr_carea' id='block_1_2' title="bbox 58 412 1186 2713">
    <p class='ocr_par' dir='ltr' id='par_1_2' title="bbox 58 412 1185 849">
     <span class='ocr_line' id='line_1_2' title="bbox 58 412 1168 499; baseline -0.004 -18"><span class='ocrx_word' id='word_1_5' title='bbox 58 437 92 484; x_wconf 83' lang='lat'><strong>10</strong></span> <span class='ocrx_word' id='word_1_6' title='bbox 110 413 197 479; x_wconf 89' lang='lat' dir='ltr'><strong>haud</strong></span> <span class='ocrx_word' id='word_1_7' title='bbox 221 413 357 496; x_wconf 89' lang='lat' dir='ltr'><strong>amplius</strong></span> <span class='ocrx_word' id='word_1_8' title='bbox 381 434 479 496; x_wconf 87' lang='lat' dir='ltr'><strong>quam</strong></span> <span class='ocrx_word' id='word_1_9' title='bbox 502 413 656 477; x_wconf 89' lang='lat' dir='ltr'><strong>ducentos</strong></span> <span class='ocrx_word' id='word_1_10' title='bbox 680 413 749 476; x_wconf 88' lang='lat' dir='ltr'><strong>sine</strong></span> <span class='ocrx_word' id='word_1_11' title='bbox 768 412 863 477; x_wconf 87' lang='lat' dir='ltr'><strong>iustis</strong></span> <span class='ocrx_word' id='word_1_12' title='bbox 882 414 981 477; x_wconf 87' lang='lat' dir='ltr'><strong>armis</strong></span> <span class='ocrx_word' id='word_1_13' title='bbox 1000 414 1109 499; x_wconf 78' lang='lat' dir='ltr'><strong>misit3</strong></span> <span class='ocrx_word' id='word_1_14' title='bbox 1134 418 1168 478; x_wconf 92' lang='lat' dir='ltr'><strong>et</strong></span> 
     </span>
     <span class='ocr_line' id='line_1_3' title="bbox 112 500 1185 587; baseline 0.002 -22"><span class='ocrx_word' id='word_1_15' title='bbox 112 502 238 567; x_wconf 84' lang='lat' dir='ltr'><strong>modica</strong></span> <span class='ocrx_word' id='word_1_16' title='bbox 260 501 400 564; x_wconf 79' lang='lat' dir='ltr'><strong>militiun</strong></span> <span class='ocrx_word' id='word_1_17' title='bbox 424 522 548 564; x_wconf 89' lang='lat' dir='ltr'><strong>manus.</strong></span> <span class='ocrx_word' id='word_1_18' title='bbox 594 502 697 565; x_wconf 89' lang='lat' dir='ltr'><strong>tutela</strong></span> <span class='ocrx_word' id='word_1_19' title='bbox 724 501 837 586; x_wconf 89' lang='lat' dir='ltr'><strong>templi</strong></span> <span class='ocrx_word' id='word_1_20' title='bbox 863 500 952 585; x_wconf 85' lang='lat' dir='ltr'><strong>freti,</strong></span> <span class='ocrx_word' id='word_1_21' title='bbox 982 505 1016 566; x_wconf 93' lang='lat' dir='ltr'><strong>et</strong></span> <span class='ocrx_word' id='word_1_22' title='bbox 1038 502 1185 587; x_wconf 81' lang='lat' dir='ltr'><strong>impedis</strong></span> 
     </span>
     <span class='ocr_line' id='line_1_4' title="bbox 111 589 1185 677; baseline 0 -21"><span class='ocrx_word' id='word_1_23' title='bbox 111 592 166 677; x_wconf 79' lang='lat' dir='ltr'><strong>qui</strong></span> <span class='ocrx_word' id='word_1_24' title='bbox 190 591 306 655; x_wconf 90' lang='lat' dir='ltr'><strong>occulti</strong></span> <span class='ocrx_word' id='word_1_25' title='bbox 329 589 515 654; x_wconf 79' lang='lat' dir='ltr'>rebellionis</span> <span class='ocrx_word' id='word_1_26' title='bbox 533 590 652 654; x_wconf 85' lang='lat' dir='ltr'><strong>conscii</strong></span> <span class='ocrx_word' id='word_1_27' title='bbox 671 590 806 654; x_wconf 92' lang='lat' dir='ltr'><strong>consilia</strong></span> <span class='ocrx_word' id='word_1_28' title='bbox 817 589 1014 674; x_wconf 88' lang='lat' dir='ltr'><strong>turbabant,</strong></span> <span class='ocrx_word' id='word_1_29' title='bbox 1038 592 1185 677; x_wconf 71' lang='lat' dir='ltr'><strong>nequet«</strong></span> 
     </span>
     <span class='ocr_line' id='line_1_5' title="bbox 112 677 1185 762; baseline -0.001 -18"><span class='ocrx_word' id='word_1_30' title='bbox 112 685 169 744; x_wconf 92' lang='lat' dir='ltr'><strong>aut</strong></span> <span class='ocrx_word' id='word_1_31' title='bbox 191 679 311 743; x_wconf 89' lang='lat' dir='ltr'><strong>vallum</strong></span> <span class='ocrx_word' id='word_1_32' title='bbox 329 678 569 762; x_wconf 84' lang='lat' dir='ltr'><strong>praeduxerant</strong></span> <span class='ocrx_word' id='word_1_33' title='bbox 587 700 690 762; x_wconf 86' lang='lat' dir='ltr'><strong>neque</strong></span> <span class='ocrx_word' id='word_1_34' title='bbox 708 677 806 742; x_wconf 90' lang='lat' dir='ltr'><strong>motis</strong></span> <span class='ocrx_word' id='word_1_35' title='bbox 825 678 957 743; x_wconf 91' lang='lat' dir='ltr'><strong>senibus</strong></span> <span class='ocrx_word' id='word_1_36' title='bbox 976 682 1009 743; x_wconf 88' lang='lat' dir='ltr'><strong>et</strong></span> <span class='ocrx_word' id='word_1_37' title='bbox 1027 679 1162 745; x_wconf 86' lang='lat' dir='ltr'><strong>feminis</strong></span> <span class='ocrx_word' id='word_1_38' title='bbox 1180 683 1185 743; x_wconf 79' lang='lat' dir='ltr'><strong>i</strong></span> 
     </span>
     <span class='ocr_line' id='line_1_6' title="bbox 111 766 1185 849; baseline 0 -16"><span class='ocrx_word' id='word_1_39' title='bbox 111 775 164 834; x_wconf 91' lang='lat' dir='ltr'><strong>tus</strong></span> <span class='ocrx_word' id='word_1_40' title='bbox 188 769 259 833; x_wconf 90' lang='lat' dir='ltr'><strong>sola</strong></span> <span class='ocrx_word' id='word_1_41' title='bbox 281 766 415 830; x_wconf 73' lang='lat' dir='ltr'><strong>restitit:</strong></span> <span class='ocrx_word' id='word_1_42' title='bbox 444 767 536 849; x_wconf 83' lang='lat' dir='ltr'><strong>quasi</strong></span> <span class='ocrx_word' id='word_1_43' title='bbox 565 767 671 830; x_wconf 88' lang='lat' dir='ltr'><strong>media</strong></span> <span class='ocrx_word' id='word_1_44' title='bbox 693 788 772 849; x_wconf 90' lang='lat' dir='ltr'><strong>pace</strong></span> <span class='ocrx_word' id='word_1_45' title='bbox 794 767 916 831; x_wconf 88' lang='lat' dir='ltr'><strong>incauti</strong></span> <span class='ocrx_word' id='word_1_46' title='bbox 938 768 1151 833; x_wconf 89' lang='lat' dir='ltr'><strong>multitudine</strong></span> <span class='ocrx_word' id='word_1_47' title='bbox 1174 770 1185 833; x_wconf 88' lang='lat' dir='ltr'><strong>l</strong></span> 
     </span>
    </p>

    <p class='ocr_par' dir='ltr' id='par_1_3' title="bbox 59 855 1185 1297">
     <span class='ocr_line' id='line_1_7' title="bbox 59 855 1185 941; baseline -0.001 -18"><span class='ocrx_word' id='word_1_48' title='bbox 59 878 221 924; x_wconf 77' lang='lat' dir='ltr'><strong>rarorum</strong></span> <span class='ocrx_word' id='word_1_49' title='bbox 243 855 545 921; x_wconf 86' lang='lat' dir='ltr'><strong>circumveniuntur.</strong></span> <span class='ocrx_word' id='word_1_50' title='bbox 591 859 624 918; x_wconf 89' lang='lat' dir='ltr'><strong>et</strong></span> <span class='ocrx_word' id='word_1_51' title='bbox 647 859 754 919; x_wconf 89' lang='lat' dir='ltr'><strong>cetera</strong></span> <span class='ocrx_word' id='word_1_52' title='bbox 777 856 906 939; x_wconf 86' lang='lat' dir='ltr'><strong>quidem</strong></span> <span class='ocrx_word' id='word_1_53' title='bbox 932 856 1058 940; x_wconf 88' lang='lat' dir='ltr'><strong>impetu</strong></span> <span class='ocrx_word' id='word_1_54' title='bbox 1081 858 1185 941; x_wconf 83' lang='lat' dir='ltr'><strong>direpl</strong></span> 
     </span>
     <span class='ocr_line' id='line_1_8' title="bbox 111 944 1169 1030; baseline 0.001 -20"><span class='ocrx_word' id='word_1_55' title='bbox 111 948 243 1010; x_wconf 89' lang='lat' dir='ltr'><strong>incensa</strong></span> <span class='ocrx_word' id='word_1_56' title='bbox 267 948 358 1027; x_wconf 82' lang='lat' dir='ltr'><strong>sunt3</strong></span> <span class='ocrx_word' id='word_1_57' title='bbox 385 944 544 1026; x_wconf 90' lang='lat' dir='ltr'><strong>templum</strong></span> <span class='ocrx_word' id='word_1_58' title='bbox 571 944 604 1006; x_wconf 94' lang='lat' dir='ltr'><strong>in</strong></span> <span class='ocrx_word' id='word_1_59' title='bbox 633 966 696 1028; x_wconf 91' lang='lat' dir='ltr'><strong>quo</strong></span> <span class='ocrx_word' id='word_1_60' title='bbox 725 966 759 1008; x_wconf 93' lang='lat' dir='ltr'><strong>se</strong></span> <span class='ocrx_word' id='word_1_61' title='bbox 781 945 874 1009; x_wconf 90' lang='lat' dir='ltr'><strong>miles</strong></span> <span class='ocrx_word' id='word_1_62' title='bbox 898 945 1169 1030; x_wconf 84' lang='lat' dir='ltr'><strong>conglobaverat,</strong></span> 
     </span>
     <span class='ocr_line' id='line_1_9' title="bbox 112 1032 1185 1116; baseline 0 -17"><span class='ocrx_word' id='word_1_63' title='bbox 112 1036 279 1099; x_wconf 89' lang='lat' dir='ltr'><strong>obsessum</strong></span> <span class='ocrx_word' id='word_1_64' title='bbox 307 1035 599 1116; x_wconf 82' lang='lat' dir='ltr'><strong>expugnatamque.</strong></span> <span class='ocrx_word' id='word_1_65' title='bbox 645 1036 678 1096; x_wconf 91' lang='lat' dir='ltr'><strong>et</strong></span> <span class='ocrx_word' id='word_1_66' title='bbox 702 1034 805 1096; x_wconf 88' lang='lat' dir='ltr'><strong>victor</strong></span> <span class='ocrx_word' id='word_1_67' title='bbox 828 1032 1006 1097; x_wconf 78' lang='lat' dir='ltr'><strong>Britannus</strong></span> <span class='ocrx_word' id='word_1_68' title='bbox 1030 1032 1185 1099; x_wconf 87' lang='lat' dir='ltr'><strong>Petilio(</strong></span> 
     </span>
     <span class='ocr_line' id='line_1_10' title="bbox 110 1121 1177 1208; baseline 0.002 -22"><span class='ocrx_word' id='word_1_69' title='bbox 110 1124 219 1208; x_wconf 89' lang='lat' dir='ltr'><strong>legato</strong></span> <span class='ocrx_word' id='word_1_70' title='bbox 252 1121 390 1205; x_wconf 83' lang='lat' dir='ltr'><strong>legionis</strong></span> <span class='ocrx_word' id='word_1_71' title='bbox 422 1142 527 1184; x_wconf 90' lang='lat' dir='ltr'><strong>nonae</strong></span> <span class='ocrx_word' id='word_1_72' title='bbox 560 1121 594 1184; x_wconf 91' lang='lat' dir='ltr'><strong>in</strong></span> <span class='ocrx_word' id='word_1_73' title='bbox 626 1121 805 1185; x_wconf 85' lang='lat' dir='ltr'><strong>subsidium</strong></span> <span class='ocrx_word' id='word_1_74' title='bbox 838 1121 1028 1187; x_wconf 81' lang='lat' dir='ltr'><strong>adventanti</strong></span> <span class='ocrx_word' id='word_1_75' title='bbox 1059 1123 1177 1188; x_wconf 82' lang='lat' dir='ltr'><strong>obvius</strong></span> 
     </span>
     <span class='ocr_line' id='line_1_11' title="bbox 111 1208 1185 1297; baseline 0 -22"><span class='ocrx_word' id='word_1_76' title='bbox 111 1211 284 1295; x_wconf 83' lang='lat' dir='ltr'><strong>legionem,</strong></span> <span class='ocrx_word' id='word_1_77' title='bbox 315 1212 347 1272; x_wconf 90' lang='lat' dir='ltr'><strong>et</strong></span> <span class='ocrx_word' id='word_1_78' title='bbox 374 1208 459 1292; x_wconf 88' lang='lat' dir='ltr'><strong>quod</strong></span> <span class='ocrx_word' id='word_1_79' title='bbox 483 1208 628 1292; x_wconf 90' lang='lat' dir='ltr'><strong>pediturn</strong></span> <span class='ocrx_word' id='word_1_80' title='bbox 651 1210 821 1274; x_wconf 83' lang='lat' dir='ltr'><strong>interfecit.</strong></span> <span class='ocrx_word' id='word_1_81' title='bbox 867 1208 1002 1274; x_wconf 82' lang='lat' dir='ltr'><strong>Cerialis</strong></span> <span class='ocrx_word' id='word_1_82' title='bbox 1027 1233 1104 1275; x_wconf 91' lang='lat' dir='ltr'><strong>eum</strong></span> <span class='ocrx_word' id='word_1_83' title='bbox 1127 1234 1185 1297; x_wconf 90' lang='lat' dir='ltr'><strong>equ</strong></span> 
     </span>
    </p>

    <p class='ocr_par' dir='ltr' id='par_1_4' title="bbox 58 1297 1186 1541">
     <span class='ocr_line' id='line_1_12' title="bbox 58 1297 1186 1383; baseline -0.001 -17"><span class='ocrx_word' id='word_1_84' title='bbox 58 1318 93 1368; x_wconf 73' lang='lat' dir='ltr'><strong>so</strong></span> <span class='ocrx_word' id='word_1_85' title='bbox 111 1299 215 1363; x_wconf 85' lang='lat' dir='ltr'><strong>evasit</strong></span> <span class='ocrx_word' id='word_1_86' title='bbox 233 1300 267 1361; x_wconf 89' lang='lat' dir='ltr'><strong>in</strong></span> <span class='ocrx_word' id='word_1_87' title='bbox 287 1300 394 1360; x_wconf 86' lang='lat' dir='ltr'><strong>castra</strong></span> <span class='ocrx_word' id='word_1_88' title='bbox 413 1300 446 1359; x_wconf 93' lang='lat' dir='ltr'><strong>et</strong></span> <span class='ocrx_word' id='word_1_89' title='bbox 463 1297 673 1361; x_wconf 88' lang='lat' dir='ltr'><strong>munimentis</strong></span> <span class='ocrx_word' id='word_1_90' title='bbox 693 1298 843 1362; x_wconf 88' lang='lat' dir='ltr'><strong>defensus</strong></span> <span class='ocrx_word' id='word_1_91' title='bbox 862 1302 920 1363; x_wconf 90' lang='lat' dir='ltr'><strong>est</strong></span> <span class='ocrx_word' id='word_1_92' title='bbox 957 1321 1022 1383; x_wconf 89' lang='lat' dir='ltr'><strong>qua</strong></span> <span class='ocrx_word' id='word_1_93' title='bbox 1040 1299 1136 1365; x_wconf 89' lang='lat' dir='ltr'><strong>clade</strong></span> <span class='ocrx_word' id='word_1_94' title='bbox 1156 1306 1186 1365; x_wconf 88' lang='lat' dir='ltr'><strong>et</strong></span> 
     </span>
     <span class='ocr_line' id='line_1_13' title="bbox 110 1386 1185 1539; baseline 0.003 -88"><span class='ocrx_word' id='word_1_95' title='bbox 110 1386 316 1539; x_wconf 38' lang='lat' dir='ltr'><strong>provgngiaa·</strong></span> <span class='ocrx_word' id='word_1_96' title='bbox 333 1386 588 1537; x_wconf 60' lang='lat' dir='ltr'><strong>qugni1·avari3ffia</strong></span> <span class='ocrx_word' id='word_1_97' title='bbox 612 1386 659 1537; x_wconf 81' lang='lat' dir='ltr'><strong>int</strong></span> <span class='ocrx_word' id='word_1_98' title='bbox 669 1387 790 1450; x_wconf 89' lang='lat' dir='ltr'><strong>bellum</strong></span> <span class='ocrx_word' id='word_1_99' title='bbox 815 1391 938 1472; x_wconf 83' lang='lat' dir='ltr'><strong>egerat,</strong></span> <span class='ocrx_word' id='word_1_100' title='bbox 965 1388 1114 1471; x_wconf 88' lang='lat' dir='ltr'><strong>trepidus</strong></span> <span class='ocrx_word' id='word_1_101' title='bbox 1138 1412 1185 1473; x_wconf 79' lang='lat' dir='ltr'><strong>pr&lt;</strong></span> 
     </span>
     <span class='ocr_line' id='line_1_14' title="bbox 126 1495 668 1541; baseline -0.006 0"><span class='ocrx_word' id='word_1_102' title='bbox 126 1498 162 1541; x_wconf 93' lang='lat' dir='ltr'><strong>or</strong></span> <span class='ocrx_word' id='word_1_103' title='bbox 213 1496 284 1538; x_wconf 86' lang='lat' dir='ltr'><strong>aus</strong></span> <span class='ocrx_word' id='word_1_104' title='bbox 307 1496 342 1536; x_wconf 93' lang='lat' dir='ltr'><strong>m</strong></span> <span class='ocrx_word' id='word_1_105' title='bbox 396 1495 505 1537; x_wconf 86' lang='lat' dir='ltr'><strong>aram</strong></span> <span class='ocrx_word' id='word_1_106' title='bbox 543 1497 668 1538; x_wconf 88' lang='lat' dir='ltr'><strong>ransn.</strong></span> 
     </span>
    </p>

    <p class='ocr_par' dir='ltr' id='par_1_5' title="bbox 58 1560 1186 1916">
     <span class='ocr_line' id='line_1_15' title="bbox 58 1560 1185 1630; baseline 0.007 -8"><span class='ocrx_word' id='word_1_107' title='bbox 58 1562 101 1626; x_wconf 71' lang='lat'><strong>33</strong></span> <span class='ocrx_word' id='word_1_108' title='bbox 200 1562 246 1625; x_wconf 89' lang='lat' dir='ltr'><strong>At</strong></span> <span class='ocrx_word' id='word_1_109' title='bbox 269 1560 441 1625; x_wconf 80' lang='lat' dir='ltr'><strong>Suetonius</strong></span> <span class='ocrx_word' id='word_1_110' title='bbox 464 1562 547 1626; x_wconf 91' lang='lat' dir='ltr'><strong>mira</strong></span> <span class='ocrx_word' id='word_1_111' title='bbox 570 1563 756 1627; x_wconf 86' lang='lat' dir='ltr'><strong>constantia</strong></span> <span class='ocrx_word' id='word_1_112' title='bbox 779 1563 901 1628; x_wconf 90' lang='lat' dir='ltr'><strong>medios</strong></span> <span class='ocrx_word' id='word_1_113' title='bbox 926 1564 1012 1627; x_wconf 89' lang='lat' dir='ltr'><strong>inter</strong></span> <span class='ocrx_word' id='word_1_114' title='bbox 1035 1564 1150 1630; x_wconf 88' lang='lat' dir='ltr'><strong>hostes</strong></span> <span class='ocrx_word' id='word_1_115' title='bbox 1173 1565 1185 1629; x_wconf 98' lang='lat' dir='ltr'><strong>l</strong></span> 
     </span>
     <span class='ocr_line' id='line_1_16' title="bbox 111 1650 1185 1739; baseline 0.002 -23"><span class='ocrx_word' id='word_1_116' title='bbox 111 1653 202 1716; x_wconf 91' lang='lat' dir='ltr'><strong>nium</strong></span> <span class='ocrx_word' id='word_1_117' title='bbox 224 1650 379 1734; x_wconf 83' lang='lat' dir='ltr'><strong>perrexit,</strong></span> <span class='ocrx_word' id='word_1_118' title='bbox 403 1654 619 1734; x_wconf 86' lang='lat' dir='ltr'><strong>cognomento</strong></span> <span class='ocrx_word' id='word_1_119' title='bbox 644 1652 774 1735; x_wconf 89' lang='lat' dir='ltr'><strong>quidem</strong></span> <span class='ocrx_word' id='word_1_120' title='bbox 797 1652 942 1717; x_wconf 92' lang='lat' dir='ltr'><strong>coloniae</strong></span> <span class='ocrx_word' id='word_1_121' title='bbox 968 1674 1037 1718; x_wconf 92' lang='lat' dir='ltr'><strong>non</strong></span> <span class='ocrx_word' id='word_1_122' title='bbox 1058 1654 1185 1739; x_wconf 81' lang='lat' dir='ltr'><strong>insigne</strong></span> 
     </span>
     <span class='ocr_line' id='line_1_17' title="bbox 111 1739 1186 1825; baseline 0.001 -19"><span class='ocrx_word' id='word_1_123' title='bbox 111 1741 205 1825; x_wconf 88' lang='lat' dir='ltr'><strong>copia</strong></span> <span class='ocrx_word' id='word_1_124' title='bbox 227 1739 469 1824; x_wconf 84' lang='lat' dir='ltr'><strong>negotiatorum</strong></span> <span class='ocrx_word' id='word_1_125' title='bbox 493 1744 525 1802; x_wconf 90' lang='lat' dir='ltr'><strong>et</strong></span> <span class='ocrx_word' id='word_1_126' title='bbox 548 1743 784 1803; x_wconf 75' lang='lat' dir='ltr'><strong>commeatuum</strong></span> <span class='ocrx_word' id='word_1_127' title='bbox 807 1740 946 1803; x_wconf 86' lang='lat' dir='ltr'><strong>maxime</strong></span> <span class='ocrx_word' id='word_1_128' title='bbox 969 1742 1106 1807; x_wconf 90' lang='lat' dir='ltr'><strong>celebre.</strong></span> <span class='ocrx_word' id='word_1_129' title='bbox 1152 1744 1186 1807; x_wconf 93' lang='lat' dir='ltr'><strong>ib</strong></span> 
     </span>
     <span class='ocr_line' id='line_1_18' title="bbox 111 1827 1185 1916; baseline 0 -22"><span class='ocrx_word' id='word_1_130' title='bbox 111 1830 228 1914; x_wconf 89' lang='lat' dir='ltr'><strong>biguus</strong></span> <span class='ocrx_word' id='word_1_131' title='bbox 244 1828 391 1892; x_wconf 88' lang='lat' dir='ltr'><strong>anillam</strong></span> <span class='ocrx_word' id='word_1_132' title='bbox 406 1827 513 1891; x_wconf 91' lang='lat' dir='ltr'><strong>sedem</strong></span> <span class='ocrx_word' id='word_1_133' title='bbox 532 1828 616 1892; x_wconf 90' lang='lat' dir='ltr'><strong>bello</strong></span> <span class='ocrx_word' id='word_1_134' title='bbox 636 1828 798 1913; x_wconf 84' lang='lat' dir='ltr'><strong>deligeret,</strong></span> <span class='ocrx_word' id='word_1_135' title='bbox 817 1829 1051 1913; x_wconf 87' lang='lat' dir='ltr'><strong>circumspecta</strong></span> <span class='ocrx_word' id='word_1_136' title='bbox 1068 1830 1185 1916; x_wconf 72' lang='lat' dir='ltr'><strong>infreqr</strong></span> 
     </span>
    </p>

    <p class='ocr_par' dir='ltr' id='par_1_6' title="bbox 76 1916 1186 2356">
     <span class='ocr_line' id='line_1_19' title="bbox 76 1916 1186 2001; baseline 0.001 -18"><span class='ocrx_word' id='word_1_137' title='bbox 76 1918 236 2001; x_wconf 72' lang='lat' dir='ltr'><strong>omittis,</strong></span> <span class='ocrx_word' id='word_1_138' title='bbox 260 1918 402 2001; x_wconf 91' lang='lat' dir='ltr'><strong>satisque</strong></span> <span class='ocrx_word' id='word_1_139' title='bbox 426 1916 552 2001; x_wconf 85' lang='lat' dir='ltr'><strong>magnis</strong></span> <span class='ocrx_word' id='word_1_140' title='bbox 577 1917 776 1981; x_wconf 89' lang='lat' dir='ltr'><strong>documentis</strong></span> <span class='ocrx_word' id='word_1_141' title='bbox 800 1918 1016 1981; x_wconf 86' lang='lat' dir='ltr'><strong>temeritatem</strong></span> <span class='ocrx_word' id='word_1_142' title='bbox 1034 1916 1147 1983; x_wconf 92' lang='lat' dir='ltr'><strong>Petilii</strong></span> <span class='ocrx_word' id='word_1_143' title='bbox 1170 1942 1186 1984; x_wconf 87' lang='lat' dir='ltr'><strong>e</strong></span> 
     </span>
     <span class='ocr_line' id='line_1_20' title="bbox 110 2005 1185 2093; baseline -0.001 -21"><span class='ocrx_word' id='word_1_144' title='bbox 110 2012 191 2089; x_wconf 87' lang='lat' dir='ltr'><strong>tam,</strong></span> <span class='ocrx_word' id='word_1_145' title='bbox 214 2007 310 2069; x_wconf 80' lang='lat' dir='ltr'><strong>unius</strong></span> <span class='ocrx_word' id='word_1_146' title='bbox 335 2005 444 2088; x_wconf 90' lang='lat' dir='ltr'><strong>oppidi</strong></span> <span class='ocrx_word' id='word_1_147' title='bbox 467 2005 584 2069; x_wconf 88' lang='lat' dir='ltr'><strong>damno</strong></span> <span class='ocrx_word' id='word_1_148' title='bbox 608 2027 734 2069; x_wconf 85' lang='lat' dir='ltr'><strong>servare</strong></span> <span class='ocrx_word' id='word_1_149' title='bbox 757 2006 906 2069; x_wconf 86' lang='lat' dir='ltr'><strong>universa</strong></span> <span class='ocrx_word' id='word_1_150' title='bbox 924 2006 1048 2071; x_wconf 84' lang='lat' dir='ltr'><strong>statuit.</strong></span> <span class='ocrx_word' id='word_1_151' title='bbox 1086 2030 1185 2093; x_wconf 84' lang='lat' dir='ltr'><strong>neque</strong></span> 
     </span>
     <span class='ocr_line' id='line_1_21' title="bbox 111 2093 1185 2179; baseline -0.001 -19"><span class='ocrx_word' id='word_1_152' title='bbox 111 2100 144 2160; x_wconf 92' lang='lat' dir='ltr'><strong>et</strong></span> <span class='ocrx_word' id='word_1_153' title='bbox 169 2095 312 2159; x_wconf 88' lang='lat' dir='ltr'><strong>lacrimis</strong></span> <span class='ocrx_word' id='word_1_154' title='bbox 343 2093 498 2157; x_wconf 88' lang='lat' dir='ltr'><strong>auxilium</strong></span> <span class='ocrx_word' id='word_1_155' title='bbox 522 2093 589 2156; x_wconf 91' lang='lat' dir='ltr'><strong>eius</strong></span> <span class='ocrx_word' id='word_1_156' title='bbox 614 2094 776 2157; x_wconf 91' lang='lat' dir='ltr'><strong>orantium</strong></span> <span class='ocrx_word' id='word_1_157' title='bbox 798 2094 900 2158; x_wconf 86' lang='lat' dir='ltr'><strong>flexus</strong></span> <span class='ocrx_word' id='word_1_158' title='bbox 923 2098 973 2159; x_wconf 88' lang='lat' dir='ltr'><strong>est</strong></span> <span class='ocrx_word' id='word_1_159' title='bbox 996 2096 1077 2179; x_wconf 90' lang='lat' dir='ltr'><strong>quin</strong></span> <span class='ocrx_word' id='word_1_160' title='bbox 1100 2096 1185 2161; x_wconf 83' lang='lat' dir='ltr'><strong>daret</strong></span> 
     </span>
     <span class='ocr_line' id='line_1_22' title="bbox 110 2182 1185 2269; baseline 0.001 -22"><span class='ocrx_word' id='word_1_161' title='bbox 110 2184 260 2249; x_wconf 86' lang='lat' dir='ltr'><strong>fectionis</strong></span> <span class='ocrx_word' id='word_1_162' title='bbox 289 2183 418 2266; x_wconf 87' lang='lat' dir='ltr'><strong>signum</strong></span> <span class='ocrx_word' id='word_1_163' title='bbox 446 2185 479 2245; x_wconf 92' lang='lat' dir='ltr'><strong>et</strong></span> <span class='ocrx_word' id='word_1_164' title='bbox 505 2182 697 2246; x_wconf 90' lang='lat' dir='ltr'><strong>comitantes</strong></span> <span class='ocrx_word' id='word_1_165' title='bbox 725 2183 760 2245; x_wconf 91' lang='lat' dir='ltr'><strong>in</strong></span> <span class='ocrx_word' id='word_1_166' title='bbox 787 2186 915 2266; x_wconf 90' lang='lat' dir='ltr'><strong>partem</strong></span> <span class='ocrx_word' id='word_1_167' title='bbox 942 2183 1084 2268; x_wconf 89' lang='lat' dir='ltr'><strong>agminis</strong></span> <span class='ocrx_word' id='word_1_168' title='bbox 1113 2186 1185 2269; x_wconf 66' lang='lat' dir='ltr'><strong>acci]</strong></span> 
     </span>
     <span class='ocr_line' id='line_1_23' title="bbox 111 2270 1178 2356; baseline 0.001 -19"><span class='ocrx_word' id='word_1_169' title='bbox 111 2274 139 2337; x_wconf 89' lang='lat' dir='ltr'><strong>si</strong></span> <span class='ocrx_word' id='word_1_170' title='bbox 167 2294 246 2356; x_wconf 91' lang='lat' dir='ltr'><strong>quos</strong></span> <span class='ocrx_word' id='word_1_171' title='bbox 274 2270 403 2333; x_wconf 87' lang='lat' dir='ltr'><strong>inbellis</strong></span> <span class='ocrx_word' id='word_1_172' title='bbox 432 2291 525 2333; x_wconf 86' lang='lat' dir='ltr'><strong>sexus</strong></span> <span class='ocrx_word' id='word_1_173' title='bbox 553 2275 610 2333; x_wconf 89' lang='lat' dir='ltr'><strong>aut</strong></span> <span class='ocrx_word' id='word_1_174' title='bbox 636 2270 722 2335; x_wconf 87' lang='lat' dir='ltr'><strong>fessa</strong></span> <span class='ocrx_word' id='word_1_175' title='bbox 750 2275 840 2335; x_wconf 87' lang='lat' dir='ltr'><strong>aetas</strong></span> <span class='ocrx_word' id='word_1_176' title='bbox 867 2270 918 2335; x_wconf 84' lang='lat' dir='ltr'><strong>vel</strong></span> <span class='ocrx_word' id='word_1_177' title='bbox 947 2271 1011 2337; x_wconf 86' lang='lat' dir='ltr'><strong>loci</strong></span> <span class='ocrx_word' id='word_1_178' title='bbox 1042 2272 1178 2338; x_wconf 89' lang='lat' dir='ltr'><strong>dulcedo</strong></span> 
     </span>
    </p>

    <p class='ocr_par' dir='ltr' id='par_1_7' title="bbox 59 2358 1185 2713">
     <span class='ocr_line' id='line_1_24' title="bbox 59 2358 1185 2445; baseline 0.003 -22"><span class='ocrx_word' id='word_1_179' title='bbox 59 2378 92 2425; x_wconf 89' lang='lat'><strong>10</strong></span> <span class='ocrx_word' id='word_1_180' title='bbox 110 2362 238 2442; x_wconf 88' lang='lat' dir='ltr'><strong>nuerat,</strong></span> <span class='ocrx_word' id='word_1_181' title='bbox 261 2359 302 2422; x_wconf 88' lang='lat' dir='ltr'><strong>ab</strong></span> <span class='ocrx_word' id='word_1_182' title='bbox 325 2358 419 2422; x_wconf 91' lang='lat' dir='ltr'><strong>hoste</strong></span> <span class='ocrx_word' id='word_1_183' title='bbox 442 2358 587 2441; x_wconf 91' lang='lat' dir='ltr'><strong>oppressi</strong></span> <span class='ocrx_word' id='word_1_184' title='bbox 609 2362 694 2423; x_wconf 90' lang='lat' dir='ltr'><strong>sunt.</strong></span> <span class='ocrx_word' id='word_1_185' title='bbox 731 2360 843 2425; x_wconf 87' lang='lat' dir='ltr'><strong>eadem</strong></span> <span class='ocrx_word' id='word_1_186' title='bbox 862 2360 968 2425; x_wconf 85' lang='lat' dir='ltr'><strong>clades</strong></span> <span class='ocrx_word' id='word_1_187' title='bbox 986 2362 1185 2445; x_wconf 89' lang='lat' dir='ltr'><strong>municipio</strong></span> 
     </span>
     <span class='ocr_line' id='line_1_25' title="bbox 110 2446 1185 2536; baseline 0.003 -24"><span class='ocrx_word' id='word_1_188' title='bbox 110 2448 210 2512; x_wconf 91' lang='lat' dir='ltr'><strong>lamio</strong></span> <span class='ocrx_word' id='word_1_189' title='bbox 233 2447 310 2529; x_wconf 82' lang='lat' dir='ltr'><strong>fuit,</strong></span> <span class='ocrx_word' id='word_1_190' title='bbox 338 2446 414 2529; x_wconf 90' lang='lat' dir='ltr'><strong>quia</strong></span> <span class='ocrx_word' id='word_1_191' title='bbox 435 2446 567 2509; x_wconf 85' lang='lat' dir='ltr'><strong>barbari</strong></span> <span class='ocrx_word' id='word_1_192' title='bbox 591 2447 720 2511; x_wconf 90' lang='lat' dir='ltr'><strong>omissis</strong></span> <span class='ocrx_word' id='word_1_193' title='bbox 744 2448 885 2512; x_wconf 75' lang='lat' dir='ltr'><strong>castellis</strong></span> <span class='ocrx_word' id='word_1_194' title='bbox 909 2449 1145 2536; x_wconf 90' lang='lat' dir='ltr'><strong>praesidiisque</strong></span> <span class='ocrx_word' id='word_1_195' title='bbox 1167 2474 1185 2514; x_wconf 92' lang='lat' dir='ltr'><strong>n</strong></span> 
     </span>
     <span class='ocr_line' id='line_1_26' title="bbox 110 2534 1185 2621; baseline 0.004 -21"><span class='ocrx_word' id='word_1_196' title='bbox 110 2536 208 2619; x_wconf 87' lang='lat' dir='ltr'><strong>rium,</strong></span> <span class='ocrx_word' id='word_1_197' title='bbox 227 2535 313 2621; x_wconf 90' lang='lat' dir='ltr'><strong>quod</strong></span> <span class='ocrx_word' id='word_1_198' title='bbox 331 2534 529 2597; x_wconf 89' lang='lat' dir='ltr'><strong>uberrimum</strong></span> <span class='ocrx_word' id='word_1_199' title='bbox 548 2535 703 2617; x_wconf 91' lang='lat' dir='ltr'><strong>spolianti</strong></span> <span class='ocrx_word' id='word_1_200' title='bbox 722 2539 754 2599; x_wconf 93' lang='lat' dir='ltr'><strong>et</strong></span> <span class='ocrx_word' id='word_1_201' title='bbox 772 2536 1019 2602; x_wconf 85' lang='lat' dir='ltr'><strong>defendentibus</strong></span> <span class='ocrx_word' id='word_1_202' title='bbox 1032 2538 1185 2621; x_wconf 79' lang='lat' dir='ltr'><strong>intutum,</strong></span> 
     </span>
     <span class='ocr_line' id='line_1_27' title="bbox 110 2624 1185 2713; baseline 0.003 -24"><span class='ocrx_word' id='word_1_203' title='bbox 110 2625 229 2709; x_wconf 89' lang='lat' dir='ltr'><strong>praeda</strong></span> <span class='ocrx_word' id='word_1_204' title='bbox 252 2626 285 2687; x_wconf 90' lang='lat' dir='ltr'><strong>et</strong></span> <span class='ocrx_word' id='word_1_205' title='bbox 306 2624 454 2687; x_wconf 91' lang='lat' dir='ltr'><strong>laborum</strong></span> <span class='ocrx_word' id='word_1_206' title='bbox 478 2643 593 2708; x_wconf 86' lang='lat' dir='ltr'><strong>segnes</strong></span> <span class='ocrx_word' id='word_1_207' title='bbox 616 2625 779 2708; x_wconf 90' lang='lat' dir='ltr'><strong>petebant.</strong></span> <span class='ocrx_word' id='word_1_208' title='bbox 825 2626 865 2689; x_wconf 87' lang='lat' dir='ltr'><strong>ad</strong></span> <span class='ocrx_word' id='word_1_209' title='bbox 893 2626 1104 2713; x_wconf 85' lang='lat' dir='ltr'><strong>septuaginta</strong></span> <span class='ocrx_word' id='word_1_210' title='bbox 1130 2628 1185 2692; x_wconf 90' lang='lat' dir='ltr'><strong>mil</strong></span> 
     </span>
    </p>
   </div>
   <div class='ocr_carea' id='block_1_3' title="bbox 110 2815 1185 3054">
    <p class='ocr_par' dir='ltr' id='par_1_8' title="bbox 110 2815 1185 3054">
     <span class='ocr_line' id='line_1_28' title="bbox 147 2815 1185 2885; baseline 0.002 -14"><span class='ocrx_word' id='word_1_211' title='bbox 147 2825 188 2872; x_wconf 91' lang='lat'><strong>11.</strong></span> <span class='ocrx_word' id='word_1_212' title='bbox 218 2818 310 2872; x_wconf 79' lang='lat' dir='ltr'><strong>tutela.</strong></span> <span class='ocrx_word' id='word_1_213' title='bbox 348 2817 405 2870; x_wconf 88' lang='lat' dir='ltr'><strong>Der</strong></span> <span class='ocrx_word' id='word_1_214' title='bbox 424 2816 542 2885; x_wconf 86' lang='lat' dir='ltr'><strong>Tempel</strong></span> <span class='ocrx_word' id='word_1_215' title='bbox 560 2815 671 2871; x_wconf 88' lang='lat' dir='ltr'><strong>scheint</strong></span> <span class='ocrx_word' id='word_1_216' title='bbox 760 2819 947 2872; x_wconf 72' lang='lat' dir='ltr'><strong>accercitum</strong></span> <span class='ocrx_word' id='word_1_217' title='bbox 969 2818 1030 2873; x_wconf 87' lang='lat' dir='ltr'><strong>soil.</strong></span> <span class='ocrx_word' id='word_1_218' title='bbox 1052 2836 1110 2875; x_wconf 83' lang='lat' dir='ltr'><strong>esse</strong></span> <span class='ocrx_word' id='word_1_219' title='bbox 1133 2821 1185 2874; x_wconf 73' lang='lat' dir='ltr'><strong>han</strong></span> 
     </span>
     <span class='ocr_line' id='line_1_29' title="bbox 110 2888 1185 2960; baseline 0.001 -16"><span class='ocrx_word' id='word_1_220' title='bbox 110 2891 169 2944; x_wconf 88' lang='lat' dir='ltr'><strong>also</strong></span> <span class='ocrx_word' id='word_1_221' title='bbox 188 2890 252 2943; x_wconf 87' lang='lat' dir='ltr'><strong>sehr</strong></span> <span class='ocrx_word' id='word_1_222' title='bbox 269 2889 325 2943; x_wconf 86' lang='lat' dir='ltr'><strong>fest</strong></span> <span class='ocrx_word' id='word_1_223' title='bbox 343 2905 472 2958; x_wconf 87' lang='lat' dir='ltr'><strong>gewesen</strong></span> <span class='ocrx_word' id='word_1_224' title='bbox 490 2906 524 2941; x_wconf 88' lang='lat' dir='ltr'><strong>zu</strong></span> <span class='ocrx_word' id='word_1_225' title='bbox 542 2888 608 2941; x_wconf 88' lang='lat' dir='ltr'><strong>sein.</strong></span> <span class='ocrx_word' id='word_1_226' title='bbox 723 2905 779 2943; x_wconf 85' lang='lat' dir='ltr'><strong>von</strong></span> <span class='ocrx_word' id='word_1_227' title='bbox 793 2888 885 2943; x_wconf 89' lang='lat' dir='ltr'><strong>einem</strong></span> <span class='ocrx_word' id='word_1_228' title='bbox 898 2906 947 2943; x_wconf 86' lang='lat' dir='ltr'><strong>aus</strong></span> <span class='ocrx_word' id='word_1_229' title='bbox 961 2890 1157 2960; x_wconf 74' lang='lat' dir='ltr'><strong>eirctemspacta</strong></span> <span class='ocrx_word' id='word_1_230' title='bbox 1171 2909 1185 2945; x_wconf 85' lang='lat' dir='ltr'><strong>a</strong></span> 
     </span>
     <span class='ocr_line' id='line_1_30' title="bbox 146 2959 1185 3054; baseline -0.002 -14"><span class='ocrx_word' id='word_1_231' title='bbox 146 2993 187 3040; x_wconf 86' lang='lat'><strong>13.</strong></span> <span class='ocrx_word' id='word_1_232' title='bbox 211 2988 393 3054; x_wconf 78' lang='lat' dir='ltr'><strong>praeducere,</strong></span> <span class='ocrx_word' id='word_1_233' title='bbox 422 2984 468 3039; x_wconf 91' lang='lat' dir='ltr'><strong>bei</strong></span> <span class='ocrx_word' id='word_1_234' title='bbox 497 2985 562 3038; x_wconf 81' lang='lat' dir='ltr'><strong>Tac.</strong></span> <span class='ocrx_word' id='word_1_235' title='bbox 591 2984 670 3037; x_wconf 90' lang='lat' dir='ltr'><strong>nicht</strong></span> <span class='ocrx_word' id='word_1_236' title='bbox 723 2960 900 3014; x_wconf 64' lang='lat' dir='ltr'><strong>nehmendfln</strong></span> <span class='ocrx_word' id='word_1_237' title='bbox 917 2959 1043 3015; x_wconf 59' lang='lat' dir='ltr'><strong>verbum</strong></span> <span class='ocrx_word' id='word_1_238' title='bbox 1059 2962 1185 3017; x_wconf 58' lang='lat' dir='ltr'><strong>ffinffiffld</strong></span> 
     </span>
    </p>
   </div>
   <div class='ocr_carea' id='block_1_4' title="bbox 108 3031 1185 3692">
    <p class='ocr_par' dir='ltr' id='par_1_9' title="bbox 109 3031 1185 3406">
     <span class='ocr_line' id='line_1_31' title="bbox 109 3031 1185 3125; baseline -0.009 -13"><span class='ocrx_word' id='word_1_239' title='bbox 109 3058 195 3125; x_wconf 71' lang='lat' dir='ltr'><strong>efter,</strong></span> <span class='ocrx_word' id='word_1_240' title='bbox 220 3058 292 3111; x_wconf 90' lang='lat' dir='ltr'><strong>auch</strong></span> <span class='ocrx_word' id='word_1_241' title='bbox 315 3056 363 3109; x_wconf 90' lang='lat' dir='ltr'><strong>bei</strong></span> <span class='ocrx_word' id='word_1_242' title='bbox 387 3056 500 3121; x_wconf 64' lang='lat' dir='ltr'><strong>Caesam</strong></span> <span class='ocrx_word' id='word_1_243' title='bbox 530 3056 608 3110; x_wconf 84' lang='lat' dir='ltr'><strong>sonet</strong></span> <span class='ocrx_word' id='word_1_244' title='bbox 630 3055 670 3108; x_wconf 92' lang='lat' dir='ltr'><strong>im</strong></span> <span class='ocrx_word' id='word_1_245' title='bbox 760 3037 784 3085; x_wconf 73' lang='lat'><strong>⁶·</strong></span> <span class='ocrx_word' id='word_1_246' title='bbox 811 3033 877 3098; x_wconf 52' lang='lat' dir='ltr'><strong>fletu</strong></span> <span class='ocrx_word' id='word_1_247' title='bbox 895 3035 920 3085; x_wconf 58' lang='lat'><strong>⁰⁸</strong></span> <span class='ocrx_word' id='word_1_248' title='bbox 937 3031 1185 3116; x_wconf 52' lang='lat' dir='ltr'><strong>lmmssrfllqfl</strong></span> 
     </span>
     <span class='ocr_line' id='line_1_32' title="bbox 109 3101 1185 3183; baseline -0.004 -1"><span class='ocrx_word' id='word_1_249' title='bbox 109 3129 250 3183; x_wconf 64' lang='lat' dir='ltr'><strong>stramen</strong></span> <span class='ocrx_word' id='word_1_250' title='bbox 268 3127 369 3181; x_wconf 64' lang='lat' dir='ltr'><strong>atain</strong></span> <span class='ocrx_word' id='word_1_251' title='bbox 387 3127 444 3179; x_wconf 79' lang='lat' dir='ltr'><strong>una</strong></span> <span class='ocrx_word' id='word_1_252' title='bbox 463 3126 510 3180; x_wconf 70' lang='lat' dir='ltr'><strong>ser</strong></span> <span class='ocrx_word' id='word_1_253' title='bbox 524 3126 668 3180; x_wconf 71' lang='lat' dir='ltr'><strong>orcham.</strong></span> <span class='ocrx_word' id='word_1_254' title='bbox 723 3101 786 3182; x_wconf 64' lang='lat' dir='ltr'><strong>‹1st</strong></span> <span class='ocrx_word' id='word_1_255' title='bbox 809 3102 930 3156; x_wconf 70' lang='lat' dir='ltr'><strong>W0¹⁰h⁶⁸</strong></span> <span class='ocrx_word' id='word_1_256' title='bbox 953 3102 1093 3159; x_wconf 62' lang='lat' dir='ltr'><strong>⁸¹10hb01</strong></span> <span class='ocrx_word' id='word_1_257' title='bbox 1111 3102 1185 3159; x_wconf 58' lang='lat' dir='ltr'><strong>⁰¹0ss</strong></span> 
     </span>
     <span class='ocr_line' id='line_1_33' title="bbox 113 3171 1132 3266; baseline -0.008 -14"><span class='ocrx_word' id='word_1_258' title='bbox 113 3230 143 3236; x_wconf 89' lang='lat'><strong>--</strong></span> <span class='ocrx_word' id='word_1_259' title='bbox 158 3214 243 3266; x_wconf 74' lang='lat' dir='ltr'><strong>aeque</strong></span> <span class='ocrx_word' id='word_1_260' title='bbox 261 3199 340 3250; x_wconf 78' lang='lat' dir='ltr'><strong>raetis</strong></span> <span class='ocrx_word' id='word_1_261' title='bbox 354 3199 403 3250; x_wconf 90' lang='lat' dir='ltr'><strong>ctt.</strong></span> <span class='ocrx_word' id='word_1_262' title='bbox 419 3199 491 3250; x_wconf 87' lang='lat' dir='ltr'><strong>statt</strong></span> <span class='ocrx_word' id='word_1_263' title='bbox 506 3214 590 3265; x_wconf 68' lang='lat' dir='ltr'><strong>rapere</strong></span> <span class='ocrx_word' id='word_1_264' title='bbox 603 3199 669 3251; x_wconf 77' lang='lat' dir='ltr'><strong>erecti</strong></span> <span class='ocrx_word' id='word_1_265' title='bbox 724 3171 797 3226; x_wconf 56' lang='grc' dir='ltr'><strong>ΟΜ</strong></span> <span class='ocrx_word' id='word_1_266' title='bbox 814 3172 983 3256; x_wconf 78' lang='lat' dir='ltr'><strong>vorkommt.</strong></span> <span class='ocrx_word' id='word_1_267' title='bbox 1126 3246 1132 3258; x_wconf 67' lang='lat'>‚</span> 
     </span>
     <span class='ocr_line' id='line_1_34' title="bbox 110 3243 1185 3333; baseline -0.007 -11"><span class='ocrx_word' id='word_1_268' title='bbox 110 3274 188 3322; x_wconf 77' lang='lat' dir='ltr'><strong>araret</strong></span> <span class='ocrx_word' id='word_1_269' title='bbox 205 3284 260 3321; x_wconf 81' lang='lat' dir='ltr'><strong>saa.</strong></span> <span class='ocrx_word' id='word_1_270' title='bbox 279 3273 305 3321; x_wconf 83' lang='lat' dir='ltr'><strong>ct</strong></span> <span class='ocrx_word' id='word_1_271' title='bbox 321 3269 383 3333; x_wconf 76' lang='lat' dir='ltr'><strong>fene.</strong></span> <span class='ocrx_word' id='word_1_272' title='bbox 404 3273 436 3319; x_wconf 81' lang='lat' dir='ltr'><strong>at</strong></span> <span class='ocrx_word' id='word_1_273' title='bbox 459 3270 587 3321; x_wconf 68' lang='lat' dir='ltr'><strong>iaceatis</strong></span> <span class='ocrx_word' id='word_1_274' title='bbox 609 3269 669 3321; x_wconf 82' lang='lat' dir='ltr'><strong>sola</strong></span> <span class='ocrx_word' id='word_1_275' title='bbox 760 3249 784 3296; x_wconf 79' lang='lat'><strong>⁷·</strong></span> <span class='ocrx_word' id='word_1_276' title='bbox 803 3260 880 3326; x_wconf 62' lang='lat' dir='ltr'><strong>Wl-</strong></span> <span class='ocrx_word' id='word_1_277' title='bbox 903 3243 964 3297; x_wconf 57' lang='grc' dir='ltr'><strong>ΕΠ·</strong></span> <span class='ocrx_word' id='word_1_278' title='bbox 975 3249 1005 3326; x_wconf 71' lang='lat'><strong>,⁵²</strong></span> <span class='ocrx_word' id='word_1_279' title='bbox 1020 3250 1054 3298; x_wconf 73' lang='lat'><strong>4²</strong></span> <span class='ocrx_word' id='word_1_280' title='bbox 1069 3246 1142 3299; x_wconf 61' lang='lat' dir='ltr'><strong>mm</strong></span> <span class='ocrx_word' id='word_1_281' title='bbox 1155 3275 1185 3283; x_wconf 84' lang='lat'><strong>··</strong></span> 
     </span>
     <span class='ocr_line' id='line_1_35' title="bbox 110 3319 1008 3406; baseline -0.004 -14"><span class='ocrx_word' id='word_1_282' title='bbox 110 3343 229 3392; x_wconf 81' lang='lat' dir='ltr'><strong>restaret.</strong></span> <span class='ocrx_word' id='word_1_283' title='bbox 259 3370 291 3376; x_wconf 96' lang='lat'>—</span> <span class='ocrx_word' id='word_1_284' title='bbox 321 3337 377 3391; x_wconf 89' lang='lat' dir='ltr'><strong>Das</strong></span> <span class='ocrx_word' id='word_1_285' title='bbox 410 3337 535 3406; x_wconf 84' lang='lat' dir='ltr'><strong>Simplex</strong></span> <span class='ocrx_word' id='word_1_286' title='bbox 567 3354 670 3392; x_wconf 80' lang='lat' dir='ltr'><strong>movere</strong></span> <span class='ocrx_word' id='word_1_287' title='bbox 724 3319 790 3368; x_wconf 61' lang='lat' dir='ltr'><strong>TW</strong></span> <span class='ocrx_word' id='word_1_288' title='bbox 808 3329 914 3368; x_wconf 52' lang='lat' dir='ltr'><strong>“mmm</strong></span> <span class='ocrx_word' id='word_1_289' title='bbox 932 3332 1008 3384; x_wconf 63' lang='lat' dir='ltr'><strong>dum·</strong></span> 
     </span>
    </p>

    <p class='ocr_par' dir='ltr' id='par_1_10' title="bbox 108 3402 1185 3692">
     <span class='ocr_line' id='line_1_36' title="bbox 109 3402 1185 3475; baseline -0.006 -11"><span class='ocrx_word' id='word_1_290' title='bbox 109 3411 181 3464; x_wconf 87' lang='lat' dir='ltr'><strong>statt</strong></span> <span class='ocrx_word' id='word_1_291' title='bbox 198 3425 330 3463; x_wconf 77' lang='lat' dir='ltr'><strong>removere</strong></span> <span class='ocrx_word' id='word_1_292' title='bbox 348 3408 415 3462; x_wconf 91' lang='lat' dir='ltr'><strong>oder</strong></span> <span class='ocrx_word' id='word_1_293' title='bbox 439 3410 573 3462; x_wconf 74' lang='lat' dir='ltr'><strong>(lanceare</strong></span> <span class='ocrx_word' id='word_1_294' title='bbox 596 3410 668 3463; x_wconf 87' lang='lat' dir='ltr'><strong>ohne</strong></span> <span class='ocrx_word' id='word_1_295' title='bbox 760 3409 802 3456; x_wconf 89' lang='lat'><strong>10.</strong></span> <span class='ocrx_word' id='word_1_296' title='bbox 820 3402 1024 3471; x_wconf 73' lang='lat' dir='ltr'><strong>Vemlamium,</strong></span> <span class='ocrx_word' id='word_1_297' title='bbox 1041 3403 1185 3475; x_wconf 76' lang='lat' dir='ltr'><strong>Hauptsta</strong></span> 
     </span>
     <span class='ocr_line' id='line_1_37' title="bbox 110 3472 1185 3557; baseline -0.007 -21"><span class='ocrx_word' id='word_1_298' title='bbox 110 3481 283 3550; x_wconf 87' lang='lat' dir='ltr'><strong>Ortsangabe</strong></span> <span class='ocrx_word' id='word_1_299' title='bbox 308 3480 385 3533; x_wconf 90' lang='lat' dir='ltr'><strong>steht</strong></span> <span class='ocrx_word' id='word_1_300' title='bbox 406 3480 478 3533; x_wconf 91' lang='lat' dir='ltr'><strong>auch</strong></span> <span class='ocrx_word' id='word_1_301' title='bbox 500 3497 542 3547; x_wconf 93' lang='lat' dir='ltr'><strong>cp.</strong></span> <span class='ocrx_word' id='word_1_302' title='bbox 563 3486 597 3534; x_wconf 82' lang='lat'><strong>60</strong></span> <span class='ocrx_word' id='word_1_303' title='bbox 615 3496 669 3534; x_wconf 82' lang='lat' dir='ltr'><strong>mo-</strong></span> <span class='ocrx_word' id='word_1_304' title='bbox 724 3472 945 3555; x_wconf 65' lang='lat' dir='ltr'><strong>Outtavellauni‚</strong></span> <span class='ocrx_word' id='word_1_305' title='bbox 981 3474 1113 3557; x_wconf 70' lang='lat' dir='ltr'><strong>nordlieh</strong></span> <span class='ocrx_word' id='word_1_306' title='bbox 1147 3491 1185 3529; x_wconf 83' lang='lat' dir='ltr'><strong>vor</strong></span> 
     </span>
     <span class='ocr_line' id='line_1_38' title="bbox 110 3544 1185 3619; baseline -0.007 -12"><span class='ocrx_word' id='word_1_307' title='bbox 110 3559 186 3607; x_wconf 72' lang='lat' dir='ltr'><strong>cetra</strong></span> <span class='ocrx_word' id='word_1_308' title='bbox 211 3559 302 3607; x_wconf 78' lang='lat' dir='ltr'><strong>tamea</strong></span> <span class='ocrx_word' id='word_1_309' title='bbox 320 3553 413 3619; x_wconf 70' lang='lat' dir='ltr'><strong>priato</strong></span> <span class='ocrx_word' id='word_1_310' title='bbox 441 3551 530 3604; x_wconf 77' lang='lat' dir='ltr'><strong>civilis</strong></span> <span class='ocrx_word' id='word_1_311' title='bbox 557 3552 670 3605; x_wconf 74' lang='lat' dir='ltr'><strong>discidit</strong></span> <span class='ocrx_word' id='word_1_312' title='bbox 722 3545 866 3598; x_wconf 84' lang='lat' dir='ltr'><strong>mrttleren</strong></span> <span class='ocrx_word' id='word_1_313' title='bbox 889 3544 1010 3599; x_wconf 84' lang='lat' dir='ltr'><strong>Themse</strong></span> <span class='ocrx_word' id='word_1_314' title='bbox 1032 3562 1063 3599; x_wconf 90' lang='lat' dir='ltr'><strong>1n</strong></span> <span class='ocrx_word' id='word_1_315' title='bbox 1088 3546 1137 3601; x_wconf 88' lang='lat' dir='ltr'><strong>der</strong></span> <span class='ocrx_word' id='word_1_316' title='bbox 1156 3546 1185 3615; x_wconf 83' lang='lat' dir='ltr'><strong>je</strong></span> 
     </span>
     <span class='ocr_line' id='line_1_39' title="bbox 108 3614 1185 3692; baseline -0.008 -14"><span class='ocrx_word' id='word_1_317' title='bbox 108 3627 195 3692; x_wconf 75' lang='lat' dir='ltr'><strong>specie</strong></span> <span class='ocrx_word' id='word_1_318' title='bbox 212 3624 270 3677; x_wconf 89' lang='lat' dir='ltr'><strong>und</strong></span> <span class='ocrx_word' id='word_1_319' title='bbox 288 3624 374 3676; x_wconf 89' lang='lat' dir='ltr'><strong>sehon</strong></span> <span class='ocrx_word' id='word_1_320' title='bbox 392 3622 439 3676; x_wconf 90' lang='lat' dir='ltr'><strong>bei</strong></span> <span class='ocrx_word' id='word_1_321' title='bbox 459 3620 562 3676; x_wconf 84' lang='lat' dir='ltr'><strong>Cicero.</strong></span> <span class='ocrx_word' id='word_1_322' title='bbox 723 3614 884 3669; x_wconf 81' lang='lat' dir='ltr'><strong>Grafsehaft</strong></span> <span class='ocrx_word' id='word_1_323' title='bbox 910 3614 1044 3670; x_wconf 88' lang='lat' dir='ltr'><strong>Hertford</strong></span> <span class='ocrx_word' id='word_1_324' title='bbox 1072 3618 1145 3673; x_wconf 79' lang='lat' dir='ltr'><strong>nabe</strong></span> <span class='ocrx_word' id='word_1_325' title='bbox 1169 3616 1185 3669; x_wconf 93' lang='lat' dir='ltr'><strong>b</strong></span> 
     </span>
    </p>
   </div>
   <div class='ocr_carea' id='block_1_5' title="bbox 109 3685 1185 4375">
    <p class='ocr_par' dir='ltr' id='par_1_11' title="bbox 109 3685 1185 4198">
     <span class='ocr_line' id='line_1_40' title="bbox 146 3685 1145 3789; baseline 0.009 -16"><span class='ocrx_word' id='word_1_326' title='bbox 146 3728 187 3775; x_wconf 74' lang='lat'><strong>17.</strong></span> <span class='ocrx_word' id='word_1_327' title='bbox 218 3721 333 3774; x_wconf 78' lang='lat' dir='ltr'><strong>Cerialis</strong></span> <span class='ocrx_word' id='word_1_328' title='bbox 357 3721 394 3774; x_wconf 90' lang='lat' dir='ltr'><strong>ist</strong></span> <span class='ocrx_word' id='word_1_329' title='bbox 412 3722 506 3786; x_wconf 71' lang='lat' dir='ltr'><strong>spater</strong></span> <span class='ocrx_word' id='word_1_330' title='bbox 525 3720 601 3774; x_wconf 91' lang='lat' dir='ltr'><strong>einer</strong></span> <span class='ocrx_word' id='word_1_331' title='bbox 620 3720 669 3773; x_wconf 90' lang='lat' dir='ltr'><strong>der</strong></span> <span class='ocrx_word' id='word_1_332' title='bbox 723 3685 837 3740; x_wconf 60' lang='lat' dir='ltr'><strong>Albam·</strong></span> <span class='ocrx_word' id='word_1_333' title='bbox 864 3776 891 3787; x_wconf 81' lang='grc'><strong>,,</strong></span> <span class='ocrx_word' id='word_1_334' title='bbox 1118 3777 1145 3789; x_wconf 86' lang='grc'><strong>,,</strong></span> 
     </span>
     <span class='ocr_line' id='line_1_41' title="bbox 109 3776 1179 3859; baseline 0.01 -18"><span class='ocrx_word' id='word_1_335' title='bbox 109 3790 285 3859; x_wconf 77' lang='lat' dir='ltr'><strong>ttichtigsten</strong></span> <span class='ocrx_word' id='word_1_336' title='bbox 303 3791 474 3845; x_wconf 86' lang='lat' dir='ltr'><strong>Feldherren</strong></span> <span class='ocrx_word' id='word_1_337' title='bbox 497 3792 546 3844; x_wconf 89' lang='lat' dir='ltr'><strong>des</strong></span> <span class='ocrx_word' id='word_1_338' title='bbox 563 3789 669 3858; x_wconf 90' lang='lat' dir='ltr'><strong>Vespa·</strong></span> <span class='ocrx_word' id='word_1_339' title='bbox 760 3780 801 3828; x_wconf 80' lang='lat'><strong>1¹·</strong></span> <span class='ocrx_word' id='word_1_340' title='bbox 830 3776 963 3857; x_wconf 51' lang='lat' dir='ltr'><strong>millias&amp;</strong></span> <span class='ocrx_word' id='word_1_341' title='bbox 986 3778 1059 3858; x_wconf 47' lang='grc' dir='ltr'><strong>ΒΜ</strong></span> <span class='ocrx_word' id='word_1_342' title='bbox 1078 3777 1179 3859; x_wconf 55' lang='grc' dir='ltr'><strong>,ΜΨ</strong></span> 
     </span>
     <span class='ocr_line' id='line_1_42' title="bbox 110 3844 1185 3932; baseline 0.011 -21"><span class='ocrx_word' id='word_1_343' title='bbox 110 3859 178 3927; x_wconf 90' lang='lat' dir='ltr'><strong>sian,</strong></span> <span class='ocrx_word' id='word_1_344' title='bbox 197 3862 329 3915; x_wconf 81' lang='lat' dir='ltr'><strong>wahrond</strong></span> <span class='ocrx_word' id='word_1_345' title='bbox 349 3863 447 3916; x_wconf 90' lang='lat' dir='ltr'><strong>dessen</strong></span> <span class='ocrx_word' id='word_1_346' title='bbox 461 3862 621 3932; x_wconf 78' lang='lat' dir='ltr'><strong>Regiorung</strong></span> <span class='ocrx_word' id='word_1_347' title='bbox 640 3878 670 3914; x_wconf 91' lang='lat' dir='ltr'><strong>er</strong></span> <span class='ocrx_word' id='word_1_348' title='bbox 723 3852 752 3912; x_wconf 86' lang='lat'><strong>3,</strong></span> <span class='ocrx_word' id='word_1_349' title='bbox 782 3852 806 3927; x_wconf 72' lang='lat'><strong>1,-</strong></span> <span class='ocrx_word' id='word_1_350' title='bbox 843 3844 904 3899; x_wconf 67' lang='lat' dir='ltr'><strong>Sffll</strong></span> <span class='ocrx_word' id='word_1_351' title='bbox 932 3844 1043 3927; x_wconf 54' lang='lat' dir='ltr'><strong>(imm</strong></span> <span class='ocrx_word' id='word_1_352' title='bbox 1075 3866 1115 3901; x_wconf 77' lang='lat'><strong>¹¹¹¹</strong></span> <span class='ocrx_word' id='word_1_353' title='bbox 1141 3846 1185 3901; x_wconf 70' lang='lat' dir='ltr'><strong>⁸¹st</strong></span> 
     </span>
     <span class='ocr_line' id='line_1_43' title="bbox 111 3915 1079 4003; baseline 0.011 -22"><span class='ocrx_word' id='word_1_354' title='bbox 111 3929 170 3982; x_wconf 91' lang='lat' dir='ltr'><strong>sich</strong></span> <span class='ocrx_word' id='word_1_355' title='bbox 184 3930 214 3982; x_wconf 89' lang='lat' dir='ltr'><strong>in</strong></span> <span class='ocrx_word' id='word_1_356' title='bbox 227 3931 432 4000; x_wconf 89' lang='lat' dir='ltr'><strong>Deutschland‚</strong></span> <span class='ocrx_word' id='word_1_357' title='bbox 451 3950 542 4003; x_wconf 84' lang='lat' dir='ltr'><strong>gagen</strong></span> <span class='ocrx_word' id='word_1_358' title='bbox 557 3932 611 3986; x_wconf 87' lang='lat' dir='ltr'><strong>den</strong></span> <span class='ocrx_word' id='word_1_359' title='bbox 626 3930 669 3984; x_wconf 78' lang='lat' dir='ltr'><strong>ei·</strong></span> <span class='ocrx_word' id='word_1_360' title='bbox 723 3915 832 3970; x_wconf 59' lang='lat' dir='ltr'><strong>halem·</strong></span> <span class='ocrx_word' id='word_1_361' title='bbox 870 3915 897 3970; x_wconf 71' lang='lat' dir='ltr'><strong>S·</strong></span> <span class='ocrx_word' id='word_1_362' title='bbox 916 3915 990 3971; x_wconf 73' lang='lat' dir='ltr'><strong>Effll·</strong></span> <span class='ocrx_word' id='word_1_363' title='bbox 1009 3923 1033 3983; x_wconf 64' lang='grc' dir='ltr'><strong>ἕ·</strong></span> <span class='ocrx_word' id='word_1_364' title='bbox 1053 3923 1079 3973; x_wconf 76' lang='lat'><strong>5·</strong></span> 
     </span>
     <span class='ocr_line' id='line_1_44' title="bbox 110 4000 1185 4072; baseline 0.007 -21"><span class='ocrx_word' id='word_1_365' title='bbox 110 4000 187 4067; x_wconf 85' lang='lat' dir='ltr'><strong>vilis,</strong></span> <span class='ocrx_word' id='word_1_366' title='bbox 211 4001 268 4053; x_wconf 88' lang='lat' dir='ltr'><strong>und</strong></span> <span class='ocrx_word' id='word_1_367' title='bbox 287 4003 328 4055; x_wconf 85' lang='lat' dir='ltr'><strong>als</strong></span> <span class='ocrx_word' id='word_1_368' title='bbox 348 4003 517 4058; x_wconf 85' lang='lat' dir='ltr'><strong>Statthalter</strong></span> <span class='ocrx_word' id='word_1_369' title='bbox 535 4020 591 4056; x_wconf 85' lang='lat' dir='ltr'><strong>von</strong></span> <span class='ocrx_word' id='word_1_370' title='bbox 610 4002 669 4054; x_wconf 89' lang='lat' dir='ltr'><strong>Bri·</strong></span> <span class='ocrx_word' id='word_1_371' title='bbox 760 4011 801 4058; x_wconf 79' lang='lat'><strong>12.</strong></span> <span class='ocrx_word' id='word_1_372' title='bbox 821 4005 941 4072; x_wconf 75' lang='lat' dir='ltr'><strong>tutatus,</strong></span> <span class='ocrx_word' id='word_1_373' title='bbox 961 4006 1019 4060; x_wconf 89' lang='lat' dir='ltr'><strong>erst</strong></span> <span class='ocrx_word' id='word_1_374' title='bbox 1035 4006 1092 4061; x_wconf 85' lang='lat' dir='ltr'><strong>seit</strong></span> <span class='ocrx_word' id='word_1_375' title='bbox 1104 4006 1185 4061; x_wconf 73' lang='lat' dir='ltr'><strong>Sallus</strong></span> 
     </span>
     <span class='ocr_line' id='line_1_45' title="bbox 109 4070 1185 4198; baseline 0.004 -73"><span class='ocrx_word' id='word_1_376' title='bbox 109 4070 226 4125; x_wconf 88' lang='lat' dir='ltr'><strong>tannien</strong></span> <span class='ocrx_word' id='word_1_377' title='bbox 245 4073 428 4128; x_wconf 85' lang='lat' dir='ltr'><strong>auszeichnct.</strong></span> <span class='ocrx_word' id='word_1_378' title='bbox 724 4074 828 4198; x_wconf 56' lang='lat' dir='ltr'><strong>Lfitvius</strong></span> <span class='ocrx_word' id='word_1_379' title='bbox 848 4075 924 4129; x_wconf 89' lang='lat' dir='ltr'><strong>steht</strong></span> <span class='ocrx_word' id='word_1_380' title='bbox 942 4076 1015 4129; x_wconf 89' lang='lat' dir='ltr'><strong>auch</strong></span> <span class='ocrx_word' id='word_1_381' title='bbox 1030 4083 1055 4145; x_wconf 82' lang='lat'><strong>1,</strong></span> <span class='ocrx_word' id='word_1_382' title='bbox 1069 4084 1112 4134; x_wconf 81' lang='lat'><strong>88.</strong></span> <span class='ocrx_word' id='word_1_383' title='bbox 1131 4082 1185 4145; x_wconf 66' lang='lat' dir='ltr'><strong>al</strong></span> 
     </span>
    </p>

    <p class='ocr_par' dir='ltr' id='par_1_12' title="bbox 724 4151 804 4199">
     <span class='ocr_line' id='line_1_46' title="bbox 724 4151 804 4199; baseline 0 -1"><span class='ocrx_word' id='word_1_384' title='bbox 724 4151 739 4198; x_wconf 80' lang='grc' dir='ltr'><em>ὃ</em></span> <span class='ocrx_word' id='word_1_385' title='bbox 768 4162 804 4199; x_wconf 91' lang='lat' dir='ltr'><strong>er.</strong></span> 
     </span>
    </p>

    <p class='ocr_par' dir='ltr' id='par_1_13' title="bbox 145 4211 1185 4303">
     <span class='ocr_line' id='line_1_47' title="bbox 145 4211 1185 4303; baseline 0.011 -36"><span class='ocrx_word' id='word_1_386' title='bbox 145 4211 194 4267; x_wconf 74' lang='lat'><strong>83.</strong></span> <span class='ocrx_word' id='word_1_387' title='bbox 219 4218 243 4263; x_wconf 91' lang='lat'><strong>1.</strong></span> <span class='ocrx_word' id='word_1_388' title='bbox 277 4212 392 4266; x_wconf 88' lang='lat' dir='ltr'><strong>London</strong></span> <span class='ocrx_word' id='word_1_389' title='bbox 411 4214 481 4268; x_wconf 85' lang='lat' dir='ltr'><strong>wird</strong></span> <span class='ocrx_word' id='word_1_390' title='bbox 499 4216 561 4268; x_wconf 89' lang='lat' dir='ltr'><strong>hier</strong></span> <span class='ocrx_word' id='word_1_391' title='bbox 579 4218 670 4268; x_wconf 84' lang='lat' dir='ltr'><strong>zuerst</strong></span> <span class='ocrx_word' id='word_1_392' title='bbox 762 4240 802 4287; x_wconf 53' lang='lat'><strong>13,</strong></span> <span class='ocrx_word' id='word_1_393' title='bbox 830 4236 920 4303; x_wconf 57' lang='lat' dir='ltr'><strong><em>scynis</em></strong></span> <span class='ocrx_word' id='word_1_394' title='bbox 939 4235 993 4290; x_wconf 58' lang='lat' dir='ltr'><strong>mit</strong></span> <span class='ocrx_word' id='word_1_395' title='bbox 1011 4236 1077 4291; x_wconf 62' lang='lat' dir='ltr'><strong>dem</strong></span> <span class='ocrx_word' id='word_1_396' title='bbox 1095 4234 1185 4291; x_wconf 54' lang='lat' dir='ltr'><strong>Genesi</strong></span> 
     </span>
    </p>

    <p class='ocr_par' dir='ltr' id='par_1_14' title="bbox 110 4281 1180 4375">
     <span class='ocr_line' id='line_1_48' title="bbox 110 4281 1180 4375; baseline 0.009 -36"><span class='ocrx_word' id='word_1_397' title='bbox 110 4282 245 4349; x_wconf 72' lang='lat' dir='ltr'><strong>erwahnt</strong></span> <span class='ocrx_word' id='word_1_398' title='bbox 265 4281 339 4335; x_wconf 88' lang='lat' dir='ltr'><strong>dann</strong></span> <span class='ocrx_word' id='word_1_399' title='bbox 359 4285 430 4337; x_wconf 86' lang='lat' dir='ltr'><strong>auch</strong></span> <span class='ocrx_word' id='word_1_400' title='bbox 443 4286 490 4339; x_wconf 91' lang='lat' dir='ltr'><strong>bei</strong></span> <span class='ocrx_word' id='word_1_401' title='bbox 504 4286 643 4339; x_wconf 87' lang='lat' dir='ltr'><strong>Ammian.</strong></span> <span class='ocrx_word' id='word_1_402' title='bbox 724 4304 785 4358; x_wconf 62' lang='lat' dir='ltr'>hier</span> <span class='ocrx_word' id='word_1_403' title='bbox 802 4305 859 4359; x_wconf 70' lang='lat' dir='ltr'><strong>und</strong></span> <span class='ocrx_word' id='word_1_404' title='bbox 879 4312 926 4375; x_wconf 58' lang='lat'><strong>15,</strong></span> <span class='ocrx_word' id='word_1_405' title='bbox 946 4312 980 4361; x_wconf 78' lang='lat'><strong>14</strong></span> <span class='ocrx_word' id='word_1_406' title='bbox 999 4310 1180 4373; x_wconf 57' lang='lat' dir='ltr'><em>omum,</em></span> 
     </span>
    </p>
   </div>
   <div class='ocr_carea' id='block_1_6' title="bbox 144 4373 864 4444">
    <p class='ocr_par' dir='ltr' id='par_1_15' title="bbox 144 4373 864 4444">
     <span class='ocr_line' id='line_1_49' title="bbox 144 4373 864 4444; baseline 0.006 -18"><span class='ocrx_word' id='word_1_407' title='bbox 144 4380 170 4426; x_wconf 86' lang='lat'><strong>4.</strong></span> <span class='ocrx_word' id='word_1_408' title='bbox 190 4373 383 4438; x_wconf 60' lang='lat' dir='ltr'><strong>circunspecta</strong></span> <span class='ocrx_word' id='word_1_409' title='bbox 401 4378 574 4442; x_wconf 82' lang='lat' dir='ltr'><strong>„erwogen“.</strong></span> <span class='ocrx_word' id='word_1_410' title='bbox 724 4376 864 4444; x_wconf 78' lang='lat' dir='ltr'><strong>nirgends.</strong></span> 
     </span>
    </p>
   </div>
   <div class='ocr_carea' id='block_1_7' title="bbox 0 0 1366 4762">
    <p class='ocr_par' dir='ltr' id='par_1_16' title="bbox 0 0 1366 4762">
     <span class='ocr_line' id='line_1_50' title="bbox 0 0 1366 4762; baseline 0 0"><span class='ocrx_word' id='word_1_411' title='bbox 0 0 1366 4762; x_wconf 95' lang='lat' dir='ltr'><strong> </strong></span> 
     </span>
    </p>
   </div>
  </div>
 </body>
</html>
