2722 4762
383 222 501 313 ssnleuu
517 234 579 289 xv.
607 234 685 289 OAP.
700 241 816 290 eo-re.
1129 229 1191 294 197

98 385 297 449 mmaverint.
340 385 397 449 alii
415 406 453 449 eo
477 406 578 469 usque
597 406 674 449 cura
696 386 861 469 progressi
884 389 973 470 sunt,
996 391 1033 451 ut
1055 389 1192 453 totidem

98 498 120 539 »s
143 476 334 558 mensesque
357 477 390 537 et
412 474 479 537 dies
502 474 588 537 inter
610 476 746 558 utraque
768 474 918 539 incendia
939 480 1118 541 numerent.

105 561 255 629 Ceterum
267 560 356 628 Nero
380 584 458 627 usus
478 566 529 627 est
545 562 672 646 patriae
691 562 794 627 ruinis
814 564 1033 649 exstruxitque
1051 565 1246 651 domum,42
1282 572 1313 627 L

97 675 140 716 ua
160 652 248 716 haud
270 651 403 735 perinde
426 671 573 735 gemmae
597 653 630 714 et
652 672 766 715 aurum
780 652 936 716 miraculo
950 656 1071 738 essent,
1095 654 1193 719 solita

98 763 140 805 rm
163 744 196 804 et
217 741 296 805 luxu
317 740 465 824 vulgata,
499 761 595 824 quarn
627 760 705 803 arva
734 743 767 803 et
790 744 908 825 stagna
937 745 970 804 et
996 742 1032 805 in
1059 743 1192 807 modum

98 824 231 894 udinum'
251 828 327 893 hinc
352 829 452 892 silvae
478 829 553 892 inde
576 831 688 911 aperta
711 829 818 911 spatia
841 833 875 893 et
894 833 1099 914 prospectus,
1125 853 1192 896 ma-

99 920 129 983 is
160 922 193 981 et
222 917 496 982 machinatoribus
521 914 638 982 Severo
667 920 700 979 et
722 915 846 1001 Celere,
878 918 994 1002 quibus
1025 919 1228 1004 ingeniums

98 1008 208 1072 edacia
236 1010 318 1090 erat,
351 1006 449 1070 etiam
482 1027 563 1089 quae
590 1008 709 1069 natura
736 1006 973 1091 denegavisset,
1002 1029 1062 1091 per
1089 1012 1192 1073 artem

98 1100 174 1159 utare
198 1100 231 1159 et
252 1095 376 1159 viribm
399 1095 555 1178 principis
572 1095 725 1159 inludere.
757 1116 897 1179 namque
916 1096 956 1160 ab
975 1096 1048 1161 lacu
1061 1096 1191 1169 Averno

98 1185 234 1270 gabilem
257 1183 379 1248 fossam
402 1205 504 1267 usque
532 1183 573 1246 ad
601 1184 685 1247 ostia
708 1182 862 1247 Tiberina
889 1184 1095 1267 depressuros
1118 1206 1191 1268 pro·

98 1276 186 1357 rant,
219 1273 380 1357 squalenti
412 1272 505 1335 litore
539 1276 596 1336 aut
627 1293 685 1354 per
715 1276 840 1335 montes
872 1273 1032 1337 adversos.
1086 1294 1191 1358 neque

98 1392 103 1426 r
127 1362 214 1425 aliud
235 1360 381 1425 umidum
405 1360 575 1445 gignendis
603 1360 696 1444 aquis
720 1361 860 1424 occurrit
881 1383 978 1446 quam
1000 1361 1191 1445 Pomptinae
1210 1382 1245 1433 ro

98 1451 164 1515 des:
196 1454 302 1514 cetera
325 1451 464 1531 abrupta
487 1452 544 1513 aut
567 1450 704 1532 arentia,
734 1471 772 1513 ac
803 1451 830 1513 si
862 1451 1026 1535 perrumpi
1049 1455 1192 1535 possent,

100 1539 238 1604 arandus
262 1539 355 1603 labor
377 1560 435 1602 nec
460 1539 538 1602 satis
562 1559 685 1601 causae.
731 1535 818 1602 Nero
841 1542 965 1622 tamen,
993 1543 1030 1603 ut
1053 1543 1122 1603 erat
1144 1540 1191 1603 in-

98 1628 218 1693 ibilium
242 1627 381 1711 cupitor,
405 1626 541 1691 effodere
565 1627 712 1708 proxima
726 1625 856 1691 Averno
880 1628 958 1711 iuga
981 1628 1111 1692 conisus
1135 1631 1192 1711 est,

98 1722 211 1802 entque
234 1717 371 1800 vestigia
393 1715 511 1779 inritae
534 1715 611 1798 spei.

106 1804 256 1871 Ceterum
279 1805 368 1868 urbis
392 1826 473 1888 quae
496 1803 606 1867 domui
629 1807 818 1886 supererant
840 1825 920 1887 non,
952 1807 989 1867 ut
1017 1807 1094 1888 post
1116 1803 1191 1867 Gal·
1200 1804 1246 1869 43

97 1894 254 1977 incendia,
272 1893 362 1957 nulla
381 1893 587 1957 distinctione
609 1914 667 1956 nee
686 1892 806 1974 passim
826 1896 941 1976 erecta,
964 1893 1020 1956 sed
1039 1892 1192 1957 dimensis

98 2007 161 2048 rum
185 1982 350 2047 ordinibus
374 1984 407 2045 et
424 1982 500 2044 latis
523 1982 647 2045 viarum
667 1981 781 2063 spatiis
804 1980 1008 2065 cohibitaque
1032 1981 1191 2046 aedificio-

122 2071 290 2136 altitudine
325 2093 362 2135 ae
394 2069 565 2153 patefactis
595 2070 678 2134 areis
706 2069 888 2153 additisque
911 2069 1088 2153 porticibus
1112 2091 1192 2154 quae

98 2170 158 2225 tem
180 2159 359 2224 insularum
377 2161 592 2243 protegerent.
624 2180 678 2222 eas
697 2159 840 2241 porticus
864 2156 951 2223 Nero
976 2181 1035 2223 sua
1057 2159 1229 2243 pecunias

98 2252 255 2314 ‚ueturum
291 2252 511 2333 purgatasque
555 2268 647 2311 areas
689 2247 827 2311 dominis
870 2247 1064 2311 traditurum
1101 2248 1193 2330 polli-

134 2341 191 2402 est.
254 2336 378 2401 addidit
408 2337 552 2421 praemia
582 2358 641 2419 pro
675 2337 827 2419 cuiusque
860 2336 971 2400 ordine
1004 2340 1037 2400 et
1068 2337 1115 2400 rei
1145 2335 1193 2399 fa-

117 2621 227 2674 totidem
247 2617 358 2688 „gleieh
377 2616 450 2670 viel“
470 2617 496 2669 d.
507 2617 534 2670 h.
548 2616 579 2669 in
670 2622 694 2671 9.
714 2617 851 2685 squalenti
876 2618 980 2684 „wr”1st,
999 2616 1102 2671 steril“
1120 2618 1194 2671 nach

98 2691 191 2745 'ahren
206 2689 322 2743 steeken
336 2694 387 2742 418
403 2687 500 2755 dabre,
519 2688 579 2741 Mo·
633 2687 710 2757 Virg.
735 2686 835 2755 Georg.
862 2692 889 2752 1,
914 2693 965 2741 507
994 2689 1120 2755 equuleut
1147 2689 1195 2741 ab·

101 2763 160 2816 und
175 2760 260 2829 Tage.
286 2759 339 2812 Die
354 2758 513 2828 Gleichung
526 2757 576 2812 ist:
633 2759 723 2811 ductis
743 2774 812 2811 arou
830 2757 940 2810 colour's.

105 2850 194 2974 {ir
215 2849 269 2974 etr
288 2899 322 2920 =
341 2880 402 2942 ⁴⁵42
434 2873 576 2929 ruer
668 2845 1192 2985 restauraretur,

98 3034 118 3063 ,.
138 2990 259 3045 Albeme
269 2988 406 3058 Spielerei
416 2987 492 3042 eines
505 2993 577 3041 mus·
634 2988 682 3041 des
699 2985 883 3056 projectirten
901 2984 1002 3041 Canale
1022 2991 1073 3041 160
1082 2985 1193 3039 Millien

118 3061 234 3131 Kopfes!
634 3059 769 3127 betragen
796 3057 853 3111 und
877 3058 923 3111 die
948 3056 1042 3111 Breite
1066 3074 1097 3112 so
1115 3073 1192 3126 gross

363 3236 370 3247 .
822 3128 1194 3255 saddueaei

98 3239 285 3379 prgffigg·
304 3236 578 3362 {gsgggggrpg
634 3200 836 3341 uerutus,
855 3276 888 3325 u
901 3245 1020 3325 „astru
1037 3286 1086 3325 ut
1103 3276 1194 3325 rama

98 3400 125 3435 ‚n
144 3380 229 3448 (Nero
248 3381 300 3446 31)Ι
343 3379 394 3432 Al,
414 3378 463 3431 de,
481 3376 579 3431 palm
634 3345 707 3396 urare'
724 3344 821 3396 iretur.

98 3449 438 3576 Ξκῗιᾶφῗᾶξῗῗῖῡῗιῑῑζ
454 3464 579 3587 {gomez
648 3498 717 3584 ⁹43.
737 3509 761 3556 1.
785 3501 835 3584 ¹Zu
848 3517 985 3583 superesse
997 3500 1051 3554 mit
1065 3501 1130 3554 dem
1137 3500 1193 3553 Da-

102 3610 196 3665 Ueber
223 3611 299 3663 haud
313 3610 430 3678 perinde
448 3625 531 3676 pua-ru
558 3625 577 3660 s.
632 3574 813 3713 ἓέᾦὸἶῖῗιὲέ
829 3571 1039 3711 idsffeffffi
1054 3588 1193 3710 {ffugi

110 3687 134 3783 ξ·
149 3687 191 3735 93¹
312 3768 318 3780 ,
400 3767 406 3779 ,
505 3766 511 3778 ,
634 3714 928 3784 quodpereudr'srebus
936 3717 1093 3781 superesset,
1107 3713 1193 3780 quieti

108 3771 233 3824 mmm
254 3811 271 3850 ῃ
280 3785 340 3823 8619
358 3767 437 3850 SPJel
453 3767 578 3849 eramo,
633 3787 737 3840 dotum.
773 3782 925 3837 Aehnlich:
952 3798 1090 3851 superesse
1107 3785 1194 3849 suedi,

98 3841 194 3925 naucb
207 3840 348 3909 trelben“,
363 3856 417 3892 une
430 3839 494 3894 h1st.
506 3844 531 3905 2,
542 3845 577 3891 94
634 3857 720 3924 cladi,
735 3871 848 3924 ,mmm
866 3853 956 3922 (Lim,

98 3930 152 3967 ²2⁰⁶
170 3912 301 3965 mlum·
670 3933 694 3980 2.
714 3927 852 3980 de'rueusus
870 3925 912 3979 als
925 3924 1024 3979 Passir
1042 3925 1129 3980 sehon
1146 3926 1194 3980 bei

98 4000 247 4068 deprimere
264 4000 364 4065 fossum
388 4041 403 4066 „
411 3997 492 4052 einen
511 3997 578 4052 Gra·
635 3997 745 4064 Oioero,
760 3996 814 4051 wie
827 3996 1025 4051 erueususoder
1034 4014 1194 4066 perureusus

98 4070 217 4125 aichen“
244 4070 316 4123 auch
345 4070 421 4123 beim
444 4069 525 4122 Auct.
551 4069 578 4122 b.
633 4069 680 4123 bei
699 4068 845 4137 Sptteren.

111 4148 136 4209 8,
156 4149 180 4195 9.
200 4146 242 4195 40.
279 4140 419 4194 Aehnlich
438 4139 495 4194 Cic.
513 4139 579 4194 Ver.
670 4146 694 4192 4.
714 4156 794 4193 ureae
816 4136 879 4191 sind
896 4137 966 4193 freis
985 4138 1134 4207 Hoeplaue
1153 4136 1193 4190 im

125 4217 213 4266 totum
230 4217 268 4265 est
286 4228 320 4265 eu
337 4226 406 4265 suso
424 4213 456 4264 r'u
474 4212 579 4265 mireu-
633 4212 748 4279 Ionem,
758 4209 804 4264 die
815 4208 884 4263 Luft
896 4210 953 4263 und
963 4208 1191 4264 Lichtzulassen.

102 4283 277 4338 altitudr‘uem
295 4284 426 4351 depresso.
458 4281 523 4351 Vgl.
537 4288 578 4349 12,
670 4287 694 4336 6.
708 4286 848 4351 purgatus
866 4280 931 4335 d.h.
945 4297 1012 4335 rom
1025 4278 1128 4332 Sehutt
1144 4277 1193 4332 be-

98 4356 163 4409 reris
180 4382 215 4392 -
232 4354 309 4409 baud
326 4354 395 4408 sutis
413 4353 541 4421 depressi¹
632 4350 716 4405 freiet
733 4352 792 4406 und
809 4351 938 4421 geebnet.
