2722 4762
163 160 231 226 280
487 160 662 216 coaunnrr
680 122 803 217 raeiri
821 160 1021 216 ιιιιιιιιιιιι

162 325 265 406 tibus,
288 324 362 390 dein
379 323 577 406 Ptolemaeo,
601 323 656 407 qui
679 344 718 386 ex
736 321 966 389 Macedonibus
987 323 1109 389 tertius
1129 342 1236 409 regns*

163 412 330 478 civitatem
359 413 410 478 oui
433 411 616 495 Heliopolis
644 433 763 476 nomen
790 413 1006 497 advolavisse,
1032 412 1138 479 multo
1162 417 1235 478 aeter

73 509 75 512 ’
165 500 333 567 volucrum
363 501 520 566 comitatu
547 523 666 566 novam
693 500 809 566 faciem
837 501 1035 566 mirantium.
1079 501 1137 567 sed
1165 502 1234 567 anti

166 590 294 675 quidem
318 590 465 655 obscura:
488 590 573 653 inter
591 590 814 654 Ptolemaeum
832 611 870 655 ac
889 589 1055 655 Tiberium
1077 589 1189 654 miuus
1211 591 1235 655 d·

120 694 154 743 16
165 679 402 764 quinquaginta
424 678 501 743 anni
520 678 660 743 fuerunt.
697 678 782 742 unde
809 700 877 743 non
894 678 978 743 nulli
993 678 1116 754 falsum
1132 677 1222 744 huno

163 769 268 832 nioem
296 788 400 850 neque
423 766 569 831 Arabum
598 788 615 830 e
642 767 737 831 terris
760 766 935 851 credidere,
961 766 1109 851 nihilque
1135 788 1234 852 usurp

164 877 204 921 ex
227 856 277 939 iis,
300 877 382 940 quae
404 861 497 920 vetus
516 855 672 921 memorie
693 855 846 920 firmavit.
878 854 1026 921 confecto
1044 855 1166 941 quippe
1185 878 1234 920 am

165 965 313 1027 numero,
343 944 399 1008 ubi
430 966 518 1008 mors
550 943 758 1028 propinquet,
790 945 857 1008 suis
884 944 919 1009 in
945 944 1041 1008 terris
1073 947 1199 1009 struere
1229 967 1234 1008 :

167 1034 260 1118 eique
283 1033 349 1097 vim
368 1033 544 1117 genitalem
563 1031 748 1116 adfundere,
771 1055 810 1098 ex
833 1054 897 1116 qua
914 1032 1017 1097 fetum
1036 1033 1129 1117 oriri3
1153 1037 1188 1096 et
1203 1055 1234 1117 p]

123 1141 157 1189 20
167 1122 278 1186 adulto
307 1143 418 1186 curam
446 1121 623 1204 sepeliendi
650 1122 768 1204 patris,
795 1142 900 1206 neque
922 1121 957 1185 id
977 1125 1112 1205 temere,
1133 1121 1194 1186 sed
1216 1145 1233 1186 s

165 1231 293 1275 murrae
316 1208 457 1292 pondere
483 1213 702 1293 temptatoque
730 1232 788 1294 per
818 1210 953 1294 longum
975 1210 1051 1294 iter,
1077 1210 1135 1275 ubi
1162 1231 1224 1293 par

166 1321 227 1382 par
250 1298 371 1361 meatui
395 1297 451 1379 sit,
480 1298 588 1362 subire
620 1299 763 1382 patrium
787 1319 904 1381 corpus
929 1297 1026 1384 inque
1048 1295 1135 1364 Solis
1159 1321 1233 1363 arat

166 1386 248 1450 ferre
273 1389 370 1469 atque
393 1385 529 1451 adolere.
570 1387 651 1451 haec
680 1387 804 1451 ineerta
833 1390 866 1452 et
887 1386 1045 1452 fabulosis
1067 1389 1179 1452 auom:
1204 1409 1233 1452 ce

168 1474 270 1558 aspici
294 1473 500 1557 aliquando
491 1496 526 1537 m
550 1474 704 1559 Aegypto
728 1497 801 1540 eam
823 1476 987 1541 volucrem
1009 1497 1076 1541 non
1098 1476 1233 1560 ambigit

113 1567 157 1631 29
257 1562 302 1626 -At
325 1562 447 1627 Romae
470 1563 567 1628 caede
591 1564 746 1629 continua
764 1562 963 1648 Pomponius
986 1564 1107 1645 Labeo,
1129 1586 1228 1649 quem

167 1651 268 1716 fuisse
291 1649 513 1716 Moesiaet
462 1673 497 1715 re
498 1652 588 1736 ttuli,
611 1675 669 1735 per
692 1653 848 1737 abruptas
875 1674 975 1717 venas
999 1653 1193 1755 sanguinem
1218 1675 1232 1717 e

169 1740 393 1823 aemulataque
425 1740 475 1805 est
506 1741 647 1806 coniunx
673 1739 812 1806 Paxaea.
848 1763 926 1806 nam
952 1745 1124 1825 promptas
1155 1743 1225 1806 eius

168 1832 289 1894 mortes
312 1833 418 1893 metus
446 1829 606 1894 carnificis
635 1829 791 1913 faciebat,
821 1833 856 1894 et
887 1830 964 1914 quia
995 1829 1142 1894 damnati
1171 1831 1231 1914 pul

134 1918 265 1985 ebonis
299 1919 463 2002 sepultura
493 1918 762 2002 prohibebantur,
795 1939 906 1983 eorum
938 1918 993 2003 qui
1025 1918 1065 1982 de
1092 1940 1127 1983 ae
1157 1923 1231 1984 stat

167 2006 388 2071 humabantur
407 2028 551 2090 corpora,
574 2007 750 2071 manebant
767 2009 972 2088 testamenta,
995 2005 1136 2090 pretium
1159 2007 1231 2072 festi

170 2093 225 2158 sed
240 2092 359 2159 Caesar
369 2094 477 2159 missis
496 2094 537 2158 ad
551 2098 701 2159 senatum
713 2095 831 2159 litteris
846 2094 997 2160 disseruit
982 2097 1140 2160 tmorem
1159 2095 1231 2160 fuiss

169 2182 302 2266 ioribus,
321 2182 471 2334 quotiens
486 2182 672 2247 dirimerent
690 2184 864 2266 amicitias,
882 2183 1073 2248 interdicere
1091 2183 1190 2249 domo
1211 2207 1230 2249 e

170 2271 269 2334 finem
287 2274 361 2355 grat
362 2270 411 2333 iae
430 2292 567 2354 ponere:
585 2272 618 2335 id
638 2293 671 2335 se
689 2272 908 2373 repetivisse
898 2294 934 2335 ιιι
950 2271 1110 2356 Labeone,
1129 2275 1229 2358 atque

127 2378 161 2427 ιο
171 2380 248 2444 qma
266 2358 350 2423 male
370 2358 523 2424 administ
510 2362 614 2424 tratas
632 2360 818 2443 provinciae
838 2360 1038 2445 aliorumque
1057 2361 1230 2427 criminum

171 2447 278 2531 batur,
300 2448 428 2530 culpam
446 2447 569 2512 invidia
588 2449 756 2532 velavisse,
778 2449 901 2515 frustra
922 2449 1100 2515 conterrita
1118 2472 1228 2535 uxore,

171 2535 236 2601 etei
252 2497 423 2601 riocentem
442 2536 610 2620 periculit
612 2559 706 2602 amen
735 2541 899 2621 expertem
922 2538 1031 2603 fuisse.
1066 2501 1230 2604 Mamerci

173 2622 312 2689 Scaurus
332 2646 460 2689 rursum
474 2625 667 2710 postulatur,
685 2626 823 2711 insignis
842 2626 1013 2691 nobilitate
1032 2630 1065 2690 et
1084 2627 1215 2692 orandis

172 2713 243 2787 vita
264 2714 448 2798 probrosus.
484 2713 566 2781 nihil
589 2714 676 2779 hunc
700 2715 843 2779 amicitia
866 2713 985 2800 Seiani,
1008 2714 1064 2781 sed
1085 2714 1229 2780 labefecit

172 2907 200 2961 1.
219 2906 247 2960 h.
267 2905 401 2962 Sesostris
420 2907 488 2962 oder
504 2906 622 2962 &maes
636 2907 670 2962 ll.
690 2924 732 2962 re·
822 2911 865 2960 24.
897 2905 954 2960 Das
977 2905 1123 2962 vemeiuta
1140 2909 1228 2978 asabip

172 2978 262 3048 gierte
280 2995 336 3034 von
351 2976 536 3046 iser-1328,
554 2978 664 3036 Amasis
677 2994 732 3032 von
786 2978 967 3032 daonous.
988 2977 1228 3033 o.iniln.steht1

172 3054 264 3104 668-—
272 3056 339 3118 526,
370 3021 546 3104 Ptolemaeus
572 3048 734 3131 Euergetes,
787 3048 844 3102 und
863 3047 995 3103 Ammian
1014 3054 1057 3118 11,
1075 3054 1101 3118 ὁ,
1121 3055 1163 3104 14.

174 3119 224 3174 der
243 3092 339 3174 dritta
347 3136 397 3174 aus
411 3119 559 3188 seinerDy
560 3119 659 3188 uastis,
677 3136 733 3175 von
823 3118 872 3174 ιι).
893 3124 916 3172 1.
935 3119 1027 3175 Labeo
1040 3119 1165 3176 waraeit
1179 3120 1228 3174 det

173 3195 322 3244 247-222.
360 3190 392 3243 In
415 3190 465 3247 der
489 3190 659 3259 Chronologr
650 3189 735 3245 'cist
788 3194 822 3243 25
833 3188 1005 3245 Statthalter
1018 3207 1074 3246 von
1087 3189 1228 3261 Hosieng

173 3259 289 3313 Tacitus
317 3259 417 3314 ebenso
446 3261 656 3329 unzuverlbssig
681 3260 734 3314 vvis
788 3260 853 3330 Vgl.
871 3266 898 3328 4,
917 3267 961 3315 47.

174 3329 220 3383 die
237 3328 358 3411 tibrigen
375 3329 453 3384 alten
470 3330 635 3385 Historiker.
826 3338 850 3386 6.
895 3333 1043 3387 manebant
1073 3337 1227 3387 ιιιιαιιιαιιι

211 3405 253 3455 18.
289 3415 349 3454 sues
376 3401 407 3454 ιἰι
434 3402 527 3468 terris,
556 3401 713 3455 nbmlich
705 3419 735 3455 m
789 3401 917 3456 dennooh
941 3403 1077 3458 ruvvailen
1095 3402 1227 3459 Confisoal

173 3471 305 3526 Arabien.
788 3473 961 3610 Vermtdgens
980 3474 1097 3564 eintrat,
1119 3474 1227 3529 siehtr

137 3546 140 3552 '
210 3548 253 3599 21.
272 3559 390 3598 marrae
400 3542 473 3627 Vgl.
483 3541 585 3597 Herod.
605 3548 630 3611 2,
651 3549 684 3598 73
704 3539 806 3608 ἒξ4

169 3606 497 3700 Ἀραβίηςορμειιμειοι
517 3585 733 3701 desolabatur}
808 3549 877 3668 idi
900 3616 1051 3684 masam
1074 3615 1128 3670 mit
1153 3615 1218 3670 dem

169 3679 265 3739 Hiloo
280 3680 444 3772 κομίζειν
418 3703 467 3738 τοι
480 3682 593 3769 πατέρα
605 3679 637 3738 ἐν
650 3680 733 3810 opriq-
787 3679 864 3739 ist'*
844 3703 893 3739 ιιιι.
908 3683 984 3755 elo.
974 3703 1016 3740 rm
1029 3685 1139 3754 Latoin,
1158 3688 1226 3742 vvesl

718 3777 734 3809 v
788 3755 862 3810 nesti
880 3757 1048 3825 credebatur
1066 3727 1184 3812 schrieb.

174 3824 225 3878 τοῦ
256 3828 344 3879 Ηιίου
377 3846 414 3899 ιφ
446 3823 505 3899 ἱρῷ.
551 3826 588 3880 Es
617 3826 656 3880 iat
690 3827 735 3880 ein
825 3833 868 3882 11.
891 3828 954 3896 culp
956 3845 1001 3882 am
1023 3828 1132 3883 ιἰιιίιιία
1154 3829 1226 3883 oslac

173 3881 413 3951 vvohlriechendes
427 3847 637 3952 Baiimhara—
653 3901 733 3966 tcmp-
788 3898 862 3953 habe
886 3898 962 3953 aeine
986 3898 1090 3953 Schuld
1111 3899 1226 3955 bembut

175 3969 294 4034 totoque,
313 3967 339 4020 d.
354 3967 382 4019 ιι.
402 3984 432 4022 er
449 3968 547 4023 macha
562 3970 620 4023 erat
633 3967 735 4023 Probe·
790 3969 854 4024 dem
873 3984 904 4023 er
924 3969 981 4024 den
998 3969 1071 4025 Hass
1088 3969 1138 4024 des
1156 3969 1225 4024 Kais

174 4034 258 4104 ssdge.
294 4036 434 4092 Herodot.
470 4039 627 4106 πειρᾶσθαι
664 4034 735 4093 αὐτὸ
789 4040 963 4110 genennae&

175 4104 325 4175 φορέοντα.
828 4117 868 4166 18.
888 4111 1020 4180 scamus,
1035 4111 1165 4178 achoni,
1178 4118 1210 4166 13

186 4182 256 4231 22
274 4182 378 4232 mactus
388 4177 426 4231 ist
439 4179 566 4247 poetiaoh
579 4180 637 4234 und
651 4181 735 4235 uach·
790 4182 847 4236 und
865 4181 970 4236 seither
987 4183 1051 4237 dem
1068 4153 1198 4238 {liberius
1216 4202 1225 4236 v

167 4247 322 4316 klassisoh,
341 4264 407 4303 vom
415 4247 565 4321 Vogelflug
578 4252 650 4306 auch
670 4253 735 4307 hiat
790 4251 1224 4322 tig‚vvare1nausgeaerohneter

177 4325 248 4385 1,62
267 4289 364 4389 oqsiila
379 4320 434 4373 lesi
450 4325 539 4374 vacato
554 4324 736 4389 praevolavit.
828 4328 869 4378 14.
905 4324 952 4377 sed
974 4325 1105 4389 labefecit.
1141 4323 1225 4379 Das

174 3774 225 3836 eq
235 3750 443 3843 ἐμπλάσσοντα,
476 3755 526 3809 καὶ
551 3751 676 3809 θάπτειν
