2722 4762
382 179 492 234 LIBER
511 180 531 234 Ι,
570 180 646 237 CAP.
666 186 780 236 52—54.
830 246 834 252 .
1125 184 1168 250 75

98 363 110 406 1
140 341 332 406 Postumum
367 340 549 428 Agrippam
580 342 685 408 omnis
719 344 788 427 spei
820 366 956 430 egenam
987 347 1097 430 inopia
1129 369 1167 413 ac

101 451 191 516 onga
216 430 368 515 peremit,
392 432 563 496 obscuram
585 431 654 496 fore
682 453 793 496 necem
816 433 1054 517 longinquitate
1077 435 1167 500 exilii

134 541 195 602 par
227 540 325 584 causa
362 520 516 585 saevitiae
555 521 591 584 in
624 519 851 603 Sempronium
884 521 1078 607 Gracchum,
1110 525 1166 609 qui

98 630 115 671 a
151 608 272 692 nobili,
309 608 423 673 sollers
460 609 591 693 ingenio
625 614 658 673 et
693 631 792 693 prave
822 609 995 695 facundus,
1027 611 1163 677 eandem
1175 613 1213 679 10‘

98 720 107 760 ι
145 697 180 761 in
217 697 426 762 matrimonio
458 695 560 762 Marci
583 697 752 781 Agrippae
774 701 997 765 temeraverat.
1046 721 1107 764 nec
1136 703 1165 765 is

98 785 119 847 ri
152 785 238 849 finis:
275 785 430 850 traditam
459 784 590 850 Tiberio
620 786 771 870 pervicax
803 787 931 852 adulter
962 790 1166 854 contumacia

100 874 129 938 is
161 874 198 939 in
221 874 375 938 maritum
400 874 611 957 accendebat3
642 876 835 958 litteraeque
859 898 939 960 quas
969 875 1055 940 Iulia
1076 879 1165 961 patri

98 965 142 1026 rto
172 984 245 1027 cum
272 963 484 1027 insectatione
508 963 630 1028 Tiberii
658 963 790 1046 scripsit
818 985 837 1027 a
861 963 1006 1029 Graccho
1035 987 1164 1049 compo-

98 1051 314 1116 rredebantur.
336 1052 438 1136 igitur
452 1055 578 1117 amotus
589 1050 767 1136 Cercinam,
781 1052 886 1116 Africi
901 1053 1000 1116 maris
1013 1053 1208 1139 insulam,15

98 1139 250 1205 rordecim
269 1140 363 1204 annis
382 1140 516 1205 exilium
534 1141 697 1206 toleravit.
734 1144 812 1205 tunc
830 1141 950 1206 milites
970 1142 1011 1205 ad
1034 1143 1164 1207 caedem

105 1229 258 1292 invenere
281 1229 316 1293 in
334 1229 530 1312 prominenti
548 1229 665 1312 litoris,
687 1229 772 1293 nihil
795 1230 917 1316 laetum
935 1231 1164 1313 opperientem.

98 1339 125 1380 m
159 1318 300 1382 adventu
327 1317 424 1395 breve
447 1322 576 1402 tempus
599 1318 729 1402 petivit,
759 1321 797 1381 ut
828 1340 980 1402 suprema
1009 1320 1164 1384 mandata

108 1406 266 1470 Alliariae
294 1428 353 1489 per
380 1406 507 1471 litteras
535 1408 641 1489 daret,
672 1407 890 1491 cervicemque
919 1408 1162 1490 percussoribus
1271 1483 1273 1487 μ

98 1498 121 1576 t,
154 1495 340 1560 constantia
367 1496 482 1560 mortis
514 1495 601 1560 haud
627 1496 780 1580 indignus
805 1493 993 1578 Sempronio
1017 1497 1207 1561 nominezao

98 1587 340 1667 egeneraverat.
378 1585 509 1667 quidam
532 1606 600 1648 non
623 1583 728 1649 Roma
751 1605 806 1648 eos
830 1583 961 1667 milites,
985 1583 1040 1648 sed
1064 1585 1104 1649 ab
1127 1584 1162 1648 L.

98 1676 173 1735 nate
192 1694 251 1756 pro
272 1673 403 1736 consule
421 1671 552 1737 Africae
571 1672 687 1738 missos
701 1672 862 1737 tradidere
878 1676 1008 1737 auctore
1023 1671 1163 1756 Tiberio,

99 1782 187 1824 mam
206 1761 313 1826 caedis
331 1783 427 1845 posse
446 1761 482 1825 in
499 1761 717 1845 Asprenatem
732 1761 815 1825 verti
828 1760 951 1824 frustra
970 1764 1163 1845 speraverat.

98 1848 168 1912 dem
197 1871 301 1913 annus
334 1871 438 1914 novas
466 1850 678 1915 caerimonias
712 1849 836 1933 accepit
864 1848 973 1913 addito
1002 1848 1217 1914 sodalium54

98 1939 221 2002 rtalium
252 1939 446 2021 sacerdotio,
476 1948 512 2002 ut
535 1939 697 2023 qnondam
726 1937 817 2002 Titus
847 1937 960 2001 Tatius
983 1937 1162 2001 retinendis

98 2047 184 2090 rrum
223 2027 322 2091 sacris
355 2027 480 2092 sodales
514 2026 618 2092 Titios
654 2027 850 2091 instituerat.
897 2029 983 2090 sorte
1020 2026 1109 2091 ducti
1146 2048 1163 2089 e

98 2115 186 2179 ribus
220 2115 365 2180 civitatis
396 2138 480 2180 unus
513 2119 545 2179 et
575 2116 710 2201 viginti:
742 2114 891 2179 Tiberius
914 2113 1103 2199 Drususque
1132 2117 1164 2178 et

98 2204 144 2267 ius
185 2207 218 2268 et
247 2202 460 2269 Germanicus
493 2204 693 2268 adiciuntur·
727 2204 821 2269 ludos
853 2204 1050 2289 Augustales
1087 2206 1198 2268 tunes

98 2315 129 2354 m
160 2296 290 2376 coeptos
327 2293 473 2357 turbavit
502 2292 663 2358 discordia
693 2315 732 2357 ex
760 2293 936 2356 certamine
959 2291 1164 2356 histrionum.

98 2385 168 2444 erat
204 2381 232 2444 ei
269 2381 394 2446 ludicro
423 2380 607 2465 Augustus,
641 2382 717 2445 dum
749 2379 931 2445 Maecenati
964 2380 1166 2464 obtemperat

128 2470 163 2533 in
201 2491 344 2534 amorem
376 2469 537 2555 Bathylli,
569 2492 673 2554 neque
711 2471 780 2553 ipse
818 2468 1013 2533 abhorrebat
1043 2469 1164 2533 talibus

98 2580 119 2641 3,
163 2561 195 2622 et
238 2559 332 2623 civile
368 2560 501 2624 rebatur
538 2559 668 2624 misceri
704 2557 925 2642 voluptatibus
963 2558 1061 2642 vulgi.
1098 2557 1165 2622 alia

98 2668 119 2710 o
144 2668 271 2711 morum
294 2647 356 2725 via,
380 2648 435 2712 sed
453 2648 610 2731 populum
632 2669 691 2732 per
713 2648 764 2711 tot
788 2668 891 2711 annos
910 2646 1053 2710 molliter
1070 2646 1162 2709 habi·
1175 2662 1207 2710 10

98 2734 229 2800 rondum
253 2735 395 2800 audebat
418 2736 458 2800 ad
482 2736 612 2801 duriora
635 2739 768 2801 vertere.

98 2859 137 2910 ter
157 2855 245 2925 junge
264 2856 391 2926 Agrippa
413 2857 491 2911 ward
515 2863 549 2910 14
639 2862 682 2910 20.
707 2857 747 2909 Zu
765 2856 830 2911 dem
847 2856 1035 2925 patricischen
1054 2855 1164 2924 Zweige

117 2927 264 2983 ermordet.
603 2928 652 2981 der
684 2943 752 2996 gens
785 2926 950 2995 Sempronia
986 2927 1085 2980 hatten
1118 2925 1164 2980 die

98 2999 290 3066 mpirrqaitate,
310 2997 364 3052 seit
383 3003 416 3052 15
434 2997 548 3052 Jahren.
603 2997 747 3052 Gracohen
766 2997 874 3066 gchdrt.

98 3085 161 3124 ,eser
171 3068 311 3123 Gracchus
321 3069 358 3122 ist
370 3068 549 3137 sonstwenig
639 3075 682 3124 22.
701 3070 844 3136 Asprenas
858 3068 896 3122 ist
906 3067 1040 3135 derselbe,
1059 3066 1109 3121 der
1122 3067 1164 3120 als

98 3142 119 3194 t
602 3140 693 3208 Legat
706 3156 756 3193 aus
770 3139 820 3193 der
833 3138 1035 3194 Varianischen
1048 3138 1184 3192 Iliaden.
1248 3186 1250 3188 .

102 3215 232 3264 tenerare
257 3210 454 3280 ursprfinglich
481 3226 548 3279 poe·
602 3211 666 3280 lage
685 3210 866 3265 entkommen
883 3227 949 3265 war.

98 3281 250 3336 reitLivius
264 3281 380 3335 anchin
395 3280 548 3336 derProsa.
638 3281 687 3337 54.
707 3287 731 3337 2.
750 3281 885 3351 Dagegen
903 3281 967 3349 sagt
981 3279 1095 3334 Tacitus
1113 3279 1164 3333 irr-

98 3352 548 3418 acencerestaulacauere,we1-
603 3352 743 3406 thumnoh
770 3351 836 3406 hist.
860 3358 890 3421 2,
913 3357 961 3420 95,
989 3368 1034 3405 wo
1061 3368 1092 3405 er
1119 3351 1164 3404 die

98 3423 178 3478 licere
210 3422 291 3476 deffir
318 3423 348 3476 in
378 3424 549 3492 tropischem
602 3424 770 3492 Augustales
789 3423 925 3477 ebenfalls
940 3422 1080 3490 erwthnt,
1098 3421 1164 3476 dees

98 3493 257 3564 gebraucht.
602 3493 737 3547 Romulus
760 3493 813 3548 den
837 3494 934 3548 Cultus
958 3494 1008 3547 der
1031 3493 1099 3546 Titii
1117 3510 1165 3561 ge-

98 3566 204 3619 lercr'aa
216 3564 256 3618 im
272 3563 436 3618 ndrdlichen
450 3564 548 3619 Theilc
639 3570 651 3581 ”
675 3565 724 3618 det
736 3565 818 3618 habe.
856 3564 935 3618 Doch
949 3564 1004 3632 gilt
1017 3563 1062 3617 die
1077 3562 1164 3616 Stelle

98 3636 183 3690 einen
220 3634 314 3707 Syrte,
352 3635 462 3689 sudlich
493 3651 549 3690 von
616 3640 648 3689 tir
661 3635 773 3691 unecht.
793 3664 827 3689 -v
846 3635 938 3690 Ueber
952 3636 1007 3688 den
1015 3633 1101 3687 Dativ
1115 3632 1170 3688 des

98 3725 126 3762 rs.
603 3704 807 3760 Gerundivums
825 3725 846 3760 s.
864 3705 936 3760 Einl
958 3710 1019 3771 109,
1038 3705 1065 3759 b.

98 3778 191 3832 anuis.
219 3777 276 3831 Der
301 3776 418 3831 Ablativ
447 3778 548 3831 ebenso
640 3783 664 3831 7.
696 3777 789 3831 Ueber
807 3778 872 3831 dum
895 3775 948 3830 mit
966 3775 1092 3830 causaler
1109 3775 1166 3830 Ne·

99 3848 158 3904 .de
174 3848 230 3903 div.
251 3854 276 3916 1,
296 3853 328 3901 19
347 3849 440 3901 multis
457 3864 549 3902 saeca-
602 3847 822 3916 benbedeutung
840 3866 861 3901 s.
880 3847 952 3901 Einl.
972 3851 995 3911 ξ.
1015 3852 1057 3901 90.

98 3937 141 3974 um
164 3920 252 3987 fuisse
273 3920 304 3973 id
326 3920 477 3973 maculam.
514 3919 549 3973 de
639 3925 665 3974 8.
706 3918 763 3972 Der
792 3917 988 3987 Schauspieler
1017 3917 1166 3988 Bathyllus

98 3997 112 4045 2
133 3991 252 4059 triptota
270 3991 353 4044 anais
371 3990 472 4044 uixisse
491 3989 548 4044 Pa·
604 3989 674 4044 wird
693 3989 765 4043 auch
782 4006 838 4043 von
862 3989 917 4043 den
939 3987 1041 4043 beiden
1060 3989 1166 4044 Seneca

98 4079 115 4116 a
604 4061 738 4114 erwtihnt.
758 4089 793 4100 -
812 4061 956 4115 obhorrm
973 4058 1027 4113 mit
1045 4060 1166 4114 blossem

98 4150 116 4187 n
129 4133 302 4202 prominenti
320 4132 418 4199 litoris,
437 4131 491 4186 wie
507 4137 548 4199 12,
602 4131 719 4186 Ablativ
737 4131 816 4200 (oder
833 4130 928 4201 Dativ)
952 4129 991 4186 ist
1016 4131 1166 4185 nachklas·

98 4204 245 4257 tmultum
269 4204 421 4258 vulnerum.
458 4202 551 4257 Ueber
604 4201 687 4256 sisch.

98 4275 202 4328 seltene
233 4273 291 4328 und
322 4273 549 4328 nechklassische
641 4278 682 4327 10.
701 4273 1011 4341 babere‚,behandeln“‚
1029 4271 1165 4328 wiePlin.

98 4345 184 4400 rction
199 4363 219 4399 s.
235 4344 307 4399 Einl.
323 4349 346 4410 ξ.
361 4351 396 4400 40
407 4362 452 4399 am
461 4345 549 4398 Ende.
604 4361 646 4413 ep.
667 4351 692 4412 ὅ,
713 4349 745 4398 19
769 4345 846 4398 video
870 4361 952 4413 qaam
970 4345 1086 4398 molliter
1105 4348 1166 4396 taos
