2722 4762
164 191 228 255 172
484 191 657 246 CORNELII
675 190 799 245 TACITI
817 188 1016 244 Annfflun

164 355 328 419 sationum
361 354 632 437 complementum
665 356 744 417 erat
780 350 903 417 Caesar
928 351 1115 416 Antistium
1137 348 1231 414 Veter

129 459 145 507 e
164 443 359 527 primoribus
373 441 591 524 Macedoniae,
610 441 797 506 absolutum
811 440 974 523 adulterii,
992 438 1163 522 increpitis
1180 438 1231 502 iud

166 531 207 596 ad
230 530 397 595 dicendam
416 531 595 594 maiestatis
614 551 746 594 causam
768 530 914 612 retraxit,
935 531 973 593 ut
995 526 1164 592 turbidum
1187 529 1220 590 et

165 619 327 703 euporidis
342 619 484 683 consiliis
498 618 703 702 permixtum,
718 639 782 702 qua
795 620 991 700 tempestate
1005 614 1112 699 Cotye
1124 616 1227 679 fratre

164 709 249 772 fecto
274 708 393 771 bellum
418 708 569 771 adversus
592 728 652 771 nos
671 706 825 770 volverat
861 706 962 790 igitur
984 721 1070 788 aqua
1091 706 1128 768 et
1148 704 1218 788 igni

165 796 287 860 dietum
306 817 370 875 reo,
390 795 637 879 adpositumque
655 797 693 858 ut
710 797 875 858 teneretur
888 794 997 858 insula
1008 813 1115 878 neque
1129 791 1231 857 Mace<

120 900 154 949 10
164 906 268 969 neque
292 883 468 948 Thraeciae
492 887 682 967 opportuna.
718 904 795 946 nam
823 881 982 947 Thraecia
1003 881 1108 947 divisa
1138 882 1231 964 impe]

162 973 415 1038 Rhoemetalcen
438 975 471 1035 et
492 972 612 1036 liberos
636 968 764 1055 Cotyis,
796 971 868 1055 quis
892 970 934 1035 ob
957 970 1133 1036 infantiam
1155 973 1231 1034 tutor

163 1061 384 1125 Trebellianus
421 1060 538 1138 Rufus,
574 1060 750 1124 insolentia
782 1059 888 1123 nostri
924 1059 1047 1123 discors
1078 1057 1199 1142 agebat

164 1149 271 1213 minus
294 1148 546 1213 Rhoemetalcen
569 1169 667 1232 quam
689 1147 927 1212 Trebellianum
949 1147 1103 1212 incusans
1131 1147 1229 1231 popul

164 1237 298 1301 iniurias
321 1237 443 1301 inultas
468 1237 581 1300 sinere.
619 1234 802 1301 Coelaletae
821 1235 1028 1320 Odrusaeque
1059 1239 1093 1299 et
1115 1233 1186 1318 Dii,
1212 1258 1231 1298 r

120 1340 153 1389 15
163 1325 323 1406 nationes,
346 1347 436 1388 arma
459 1346 579 1409 cepere,
603 1325 736 1389 ducibus
755 1324 889 1389 diversis
913 1327 946 1389 et
967 1324 1101 1408 paribus
1119 1324 1204 1387 inter
1226 1345 1231 1386 l

163 1413 419 1497 ignobilitatem,
441 1435 522 1497 quae
541 1435 639 1477 causa
656 1412 720 1476 fuit
741 1434 783 1476 ne
806 1413 840 1475 in
858 1413 979 1477 bellum
998 1416 1093 1477 atrox
1111 1412 1231 1477 coalesc

163 1523 239 1585 pars
258 1501 392 1564 turbant
409 1502 604 1584 praesentia,
623 1501 679 1565 alii
701 1504 847 1566 montem
865 1500 1027 1565 Haemum
1044 1501 1231 1585 transgredi·

164 1593 201 1653 ut
232 1593 374 1654 remotos
406 1589 543 1672 populos
571 1590 747 1673 concirent3
775 1589 909 1673 plurimi
936 1610 973 1654 ac
996 1589 1138 1654 maxime
1168 1611 1231 1654 eom

163 1698 272 1761 regem
300 1678 475 1761 urbemque
502 1677 771 1761 Philippopolim,
803 1699 823 1741 a
845 1677 1021 1742 Macedone
1043 1677 1199 1762 Philippo
1229 1704 1231 1739 l

121 1782 154 1830 20
164 1765 405 1830 circumsidunt.

110 1855 152 1918 39
253 1853 341 1930 Quae
355 1854 413 1919 ubi
426 1855 558 1938 cognita
571 1852 605 1917 P.
619 1853 755 1918 Vellaeo
770 1852 812 1938 (is
830 1855 1013 1936 proximum
1027 1855 1231 1936 exercitum}

164 1941 284 2028 debat),
308 1943 427 2008 alarios
451 1943 575 2026 equites
599 1964 636 2006 ae
668 1943 747 2007 levis
777 1942 960 2007 cohortium
991 1942 1097 2007 mittit
1127 1943 1177 2007 in.
1194 1964 1230 2007 eo

163 2031 384 2114 praedabundi
415 2035 471 2094 aut
503 2030 708 2095 adsumendis
738 2031 866 2094 auxiliis
889 2029 1109 2114 vagabantur,
1141 2032 1210 2115 ipse

163 2118 309 2201 peditum
343 2120 384 2183 ad
420 2118 649 2191 exsolvendum
686 2119 846 2183 obsidium
883 2119 978 2184 ducit
1025 2119 1187 2204 simulque
1222 2141 1231 2183 ‹

128 2223 317 2289 eprospere
342 2212 427 2290 acta,
460 2208 561 2271 caesis
584 2207 834 2290 populatoribus
863 2210 896 2270 et
923 2207 1125 2273 dissensione
1154 2211 1225 2273 orta

165 2294 349 2358 obsidentes
372 2296 522 2379 regisque
550 2299 734 2379 opportuna
766 2295 936 2378 eruptione
958 2300 992 2360 et
1018 2296 1163 2362 adventu
1190 2297 1231 2380 leq

163 2403 266 2466 neque
290 2383 392 2447 aciem
425 2388 482 2447 aut
510 2384 667 2466 proelium
700 2384 763 2448 dici
795 2383 950 2463 decuerit,
973 2384 1011 2448 in
1036 2404 1102 2468 quo
1122 2407 1231 2469 semer

163 2471 312 2555 palantes
335 2471 487 2535 trucidati
510 2476 586 2535 sunt
609 2472 677 2536 sine
700 2474 813 2536 nostro
837 2467 1006 2556 sanguine.

109 2561 154 2624 40
253 2559 376 2623 Eodem
400 2581 485 2624 anno
510 2559 687 2624 Galliarum
715 2560 863 2624 civitates
894 2561 936 2624 oh
968 2561 1232 2645 magnitudinem

165 2647 262 2710 alieni
298 2648 507 2712 rebellionem
539 2653 742 2731 coeptavere,
775 2648 867 2713 euius
904 2649 1131 2715 exstimulator
1164 2672 1231 2714 acer

202 2791 225 2840 7.
259 2788 382 2841 consillia
396 2788 561 2854 paracietus,
579 2788 723 2857 neugchil·
778 2792 812 2840 55
838 2804 871 2842 eu
894 2793 933 2842 est
953 2805 1040 2844 eausa
1061 2792 1095 2842 ut
1116 2794 1216 2844 veteres

165 2857 229 2911 dete
252 2857 369 2923 Phrase3
395 2858 509 2912 thnlich
531 2864 561 2925 4,
580 2864 615 2911 40
638 2859 725 2912 callis
778 2860 1231 2928 ÷earwprivatapereimeeeeae

164 2930 232 2997 ceap.
256 2930 373 2997 aepotle‘s
391 2930 550 2997 permixtos.
570 2959 604 2969 -
627 2931 723 2996 fratre.
814 2933 857 2983 19.
877 2929 1084 2999 Phileppopolie
1100 2947 1150 2985 am
1168 2931 1231 2984 eber

164 2998 257 3053 Wenn
276 3000 391 3054 Tacitus
410 3016 441 3053 so
460 2999 644 3069 geschrieben
664 3000 723 3065 hat,
778 2999 845 3053 brus
864 3000 1000 3055 zwisehen
1012 3001 1074 3061 ,den
1093 3001 1231 3071 Bergkett

165 3086 195 3123 ιο
215 3070 266 3122 hat
284 3087 314 3124 er
327 3086 484 3139 vergersen,
503 3071 568 3124 dass
583 3071 668 3139 Cotys
683 3070 724 3123 als
778 3087 840 3124 mus
857 3071 916 3124 und
934 3071 1078 3141 Rhodope.
1098 3101 1132 3112 -
1151 3074 1231 3127 atera

165 3139 242 3192 Sohn
261 3139 309 3193 des
324 3140 431 3194 litteren
445 3140 659 3195 Rhoemetalces
678 3140 725 3194 ein
778 3140 857 3193 visch
876 3166 911 3186 =
929 3143 1082 3210 conditam,
1105 3143 1161 3198 wie
1180 3149 1206 3210 2,
1226 3149 1231 3195 τ

164 3208 245 3261 Nette
264 3210 334 3275 (also
352 3211 453 3275 fratris
470 3211 556 3278 filias)
575 3210 624 3265 des
638 3211 724 3265 Rhes-
767 3211 874 3271 ,Druso
903 3213 986 3266 sitam
1012 3211 1072 3267 und
1098 3212 1187 3284 efter,
1214 3233 1231 3267 n

166 3278 276 3345 cuporis
293 3295 358 3333 war.
393 3279 419 3332 S.
440 3285 465 3346 3,
485 3285 528 3334 64.
779 3281 902 3336 Tacitus.

203 3353 244 3401 11.
281 3348 381 3402 Dieser
400 3349 598 3404 Rhoemetalces
623 3350 661 3404 ist
680 3350 724 3404 ein
814 3351 862 3407 39.
901 3359 925 3407 1.
964 3353 1090 3408 Velleeue
1115 3354 1190 3409 wird
1216 3354 1231 3408 d

166 3417 243 3472 Schn
270 3417 319 3473 des
347 3417 387 3471 im
413 3419 439 3472 J.
467 3425 499 3474 10
521 3419 725 3476 verurtheilten
778 3422 882 3492 malige
902 3423 1055 3492 Proprttor
1072 3440 1130 3480 ven
1147 3424 1231 3480 Moesi

166 3488 223 3541 und
241 3488 271 3542 in
290 3490 340 3543 der
352 3488 544 3558 Verbannung
561 3509 595 3544 zu
604 3492 725 3545 Alexan·
778 3508 871 3547 wesen
889 3493 957 3548 sein.
976 3524 1009 3534 -
1025 3495 1188 3563 praesidere
1204 3514 1231 3549 m

166 3559 228 3612 dria
241 3559 405 3629 getddteten
419 3560 607 3629 Rhescuporis
621 3564 657 3629 (2,
670 3565 723 3630 67).
778 3565 928 3619 Accusativ
946 3565 998 3619 hat
1011 3565 1078 3622 Tae
1097 3568 1159 3623 eret
1170 3566 1202 3620 in
1214 3567 1231 3620 d

204 3635 246 3683 12.
265 3629 357 3684 Ueber
374 3630 470 3698 Rufus
487 3648 508 3683 s.
528 3637 606 3700 2112,
626 3639 668 3686 67.
687 3662 721 3672 -
776 3633 873 3700 nalen,
896 3635 969 3689 nach
989 3636 1057 3691 Sall.
1079 3636 1184 3707 fragm
1203 3644 1231 3706 2,

165 3702 253 3754 nostri
272 3717 345 3769 „von
362 3718 477 3756 unserer
494 3699 595 3755 Seite“.
631 3702 724 3757 Ueber
779 3709 812 3756 76
830 3703 917 3761 Krit.
955 3705 1041 3761 Sonat
1058 3709 1132 3762 setzt
1149 3724 1182 3763 er
1199 3725 1231 3763 au

166 3770 261 3824 diesen
286 3771 461 3841 subjectiven
480 3770 592 3826 Genitiv
610 3791 630 3827 s.
649 3773 722 3827 Einl.
777 3773 870 3829 Datis.

165 3844 188 3902 §-
208 3846 250 3893 42.
814 3851 838 3898 4.
872 3846 1009 3902 obsidium
1031 3849 1104 3903 statt
1121 3848 1229 3904 waldio

202 3915 244 3964 13.
280 3913 408 3965 incusare
433 3913 487 3966 mit
512 3911 576 3966 dem
601 3911 724 3967 Infinitiv
779 3931 820 3983 cp.
840 3921 884 3971 21.

166 3980 249 4047 (statt
267 3982 350 4048 qued)
371 3982 408 4036 ist
425 3977 474 4037 ἅπ.
495 3981 545 4050 alp.
568 3982 622 4036 wie
645 3999 724 4037 acea·
815 3991 840 4040 7.
874 3987 939 4042 diei.
967 3988 1030 4042 Den
1051 3989 1181 4046 Infinitiv
1205 3991 1231 4045 de

165 4065 227 4103 aare
246 4055 288 4116 14,
309 4054 349 4104 18.
778 4055 833 4109 sive
851 4057 899 4110 bei
917 4059 991 4112 decet
1011 4059 1171 4128 gebraucht
1189 4062 1231 4116 ecl

202 4125 243 4174 14.
276 4121 400 4174 icterias
423 4121 452 4174 in
474 4120 599 4190 passiver
617 4122 724 4176 Bedeu·
778 4142 850 4193 cero,
864 4128 933 4181 aber
950 4129 1049 4184 saltere
1064 4161 1100 4171 -
1114 4132 1231 4189 Ueherr

164 4192 244 4258 tung.
263 4220 296 4229 -
317 4189 467 4244 Coelaletae
485 4193 535 4245 ctt
553 4191 724 4260 Bergvbllrer
776 4196 884 4251 brauch
900 4215 958 4253 von
974 4215 1120 4257 cernemus
1138 4221 1161 4258 s.
1180 4221 1216 4258 su

162 4260 194 4315 in
212 4260 358 4314 Thracian.
812 4264 860 4320 40.
889 4273 915 4321 2.
946 4269 999 4324 Die
1017 4288 1090 4327 neue
1108 4273 1231 4330 Forma

201 4337 243 4386 16.
276 4345 362 4386 cuasa
384 4330 441 4395 salt
459 4347 500 4384 ne.
533 4331 597 4400 vgl.
616 4331 678 4389 Liv.
698 4338 723 4403 5,
778 4336 848 4390 later
866 4336 939 4392 auch
957 4339 1025 4394 hist.
1044 4348 1071 4412 2,
1090 4349 1136 4407 ¹11.
