2722 4762
165 173 230 238 208
479 173 651 228 CORNELII
669 172 793 228 TACITI
809 172 1008 228 ANNALIUM

124 352 157 402 10
168 336 317 401 comitem
349 336 439 400 exilii
471 336 644 402 admodum
675 335 833 401 infantem
862 339 954 420 pater
982 332 1193 421 Sempronius
1223 336 1247 400 ir

169 424 273 490 sulam
295 423 462 490 Cercinam
480 425 609 490 tulerat.
644 424 712 490 illic
739 424 867 489 adultus
889 425 976 490 inter
997 427 1143 490 extorres
1166 428 1200 489 et
1220 426 1247 489 lil

168 514 247 577 lium
270 514 388 577 artium
415 515 560 597 nescios,
586 536 661 577 mox
691 535 749 598 per
771 513 916 578 Africam
943 534 981 578 ac
1008 509 1156 578 Siciliam
1182 518 1246 578 mul

168 601 314 668 sordidas
347 623 468 667 merces
501 603 758 686 sustentabatur,
788 623 890 687 neque
918 605 1028 667 tamen
1058 602 1176 688 effugit
1197 625 1246 667 ma

167 691 314 754 fortunae
346 691 496 775 pericula.
533 714 571 756 ac
602 692 637 755 ni
668 691 780 755 Aelius
803 690 916 755 Lamia
948 693 981 754 et
1011 688 1046 755 L.
1070 689 1236 775 Apronius

126 795 159 844 rc
170 779 315 845 Africam
333 780 547 863 obtinuerant,
570 781 730 844 insontem
747 780 972 863 protexissent,
994 779 1185 845 claritudine
1203 781 1245 843 inl

165 869 292 953 generis
316 874 348 933 et
370 869 513 953 paternis
537 868 680 932 adversis
702 868 788 933 foret
810 868 1001 933 abstractus.

116 957 157 1021 14
254 956 287 1021 Is
311 979 438 1043 quoque
461 980 563 1021 annus
586 957 765 1041 legationes
785 955 982 1022 Graecarum
1008 956 1194 1023 civitatium
1214 957 1245 1022 hc

166 1043 282 1110 Samiis
305 1046 447 1130 Iunonis,
471 1043 547 1111 Cois
571 1045 755 1129 Aesculapii
778 1044 912 1110 delubro
930 1049 1094 1110 vetustum
1117 1046 1201 1130 asyli
1230 1047 1244 1108 i

165 1134 349 1199 firmaretur
370 1134 564 1218 petentibus.
600 1132 703 1198 Samii
730 1134 857 1199 decreto
880 1132 1158 1218 Amphictyonum
1186 1135 1244 1199 nic

164 1227 231 1305 tur,
262 1223 333 1306 quis
355 1223 563 1306 praecipuum
588 1224 650 1286 fuit
672 1245 779 1286 rerum
802 1223 946 1287 omnium
968 1222 1136 1304 indicium,
1159 1245 1224 1307 qua

130 1327 146 1375 c
164 1314 290 1394 pestate
308 1309 421 1374 Graeci
445 1311 581 1376 conditis
601 1334 659 1396 per
675 1311 790 1375 Asiam
809 1311 943 1376 urbibus
967 1332 1025 1376 ora
1046 1311 1146 1376 maris
1169 1312 1244 1395 poti·

164 1401 227 1462 tur.
263 1419 365 1483 neque
388 1399 499 1483 dispar
517 1400 603 1483 apud
622 1398 706 1465 Coos
731 1400 916 1484 antiquitas,
938 1402 972 1464 et
994 1399 1168 1465 accedebat
1186 1422 1243 1464 me]

167 1508 205 1550 ex
227 1488 313 1559 loco,
344 1509 421 1552 nam
451 1489 536 1552 cives
568 1487 732 1553 Romanos
764 1489 886 1572 templo
914 1488 1101 1571 Aesculapii
1131 1488 1243 1553 indum

166 1596 236 1639 cum
269 1576 359 1640 iussu
388 1577 474 1661 regis
503 1576 703 1642 Mithridatis
736 1578 820 1660 apud
847 1583 980 1642 cunctas
1010 1576 1112 1642 Asiae
1143 1577 1243 1642 insula

167 1664 261 1727 urbes
280 1664 525 1730 trucidarentur.
566 1666 664 1730 variis
684 1665 799 1730 dehinc
822 1670 854 1730 et
877 1666 1005 1750 saepius
1023 1666 1130 1731 inritis
1147 1672 1242 1750 praet

123 1753 341 1838 requestibus,
362 1758 526 1838 postremo
549 1753 667 1819 Caesar
695 1755 734 1819 de
765 1753 960 1818 inmodestia
988 1753 1185 1819 histrionum
1211 1777 1242 1818 re

164 1843 266 1906 multa
289 1843 330 1907 ab
352 1843 393 1908 iis
416 1843 450 1906 in
467 1844 631 1927 publicum
653 1843 813 1925 seditiose,
835 1842 930 1907 foeda
952 1864 1009 1926 per
1031 1843 1145 1908 domos
1168 1847 1242 1926 tem]

164 1929 283 1996 Oscum
310 1932 473 2015 quondam
500 1932 672 2013 ludicrum,
703 1932 886 1995 levissimae
917 1931 1003 2015 apud
1018 1931 1163 2016 'vulgum
1195 1933 1242 1996 ob]

163 2019 273 2102 tionis,
297 2041 334 2083 eo
357 2020 554 2105 flagitiorum
579 2025 611 2084 et
633 2020 752 2084 virium
775 2020 915 2103 venisse,
937 2025 973 2084 eet
989 2021 1182 2085 auctoritate
1205 2043 1241 2105 pa

165 2108 374 2172 co‘e'rcendum
399 2108 450 2173 sit.
485 2109 570 2191 pulsi
592 2113 662 2172 tum
685 2109 861 2172 histriones
884 2107 989 2172 Italia.

114 2195 154 2260 15
252 2194 342 2260 Idem
365 2218 468 2260 annus
498 2198 561 2262 alio
590 2219 717 2282 quoque
745 2199 834 2261 luctu
856 2195 1027 2262 Caesarem
1050 2197 1172 2281 adficit,
1197 2198 1241 2262 alt

165 2304 203 2346 ex
235 2284 371 2368 geminis
403 2283 503 2349 Drusi
539 2286 648 2350 liberis
687 2285 916 2370 extinguendo,
946 2307 1050 2370 neque
1086 2286 1193 2350 minus
1230 2309 1240 2350 1

1242 743 1246 756 Ι

1241 760 1246 775 Ι

202 2501 243 2548 10.
275 2493 452 2562 Sempronius
476 2493 546 2563 (scil.
571 2493 721 2564 Gracchus)
776 2494 832 2549 bad
859 2496 941 2548 unter
967 2494 1022 2550 den
1040 2495 1163 2550 Romam
1185 2496 1240 2550 inj

164 2565 244 2619 hatte
275 2582 373 2634 wegen
405 2565 495 2619 seinos
535 2565 722 2634 unzfichtigen
775 2565 861 2620 Asien
886 2565 1024 2634 gemeint,
1051 2565 1172 2622 welches
1196 2584 1227 2621 er

164 2635 369 2690 Verh'altnisses
387 2654 421 2689 zu
434 2636 484 2690 der
497 2635 583 2702 Julia,
603 2636 721 2691 Gemah-
776 2635 839 2691 Chr.
855 2653 892 2692 an
906 2636 997 2691 einem
1012 2637 1090 2706 Tege
1103 2638 1239 2693 anrichter

163 2707 204 2761 lin
219 2707 267 2761 des
281 2707 421 2773 Tiberius,
439 2707 570 2761 vierzehn
583 2708 669 2762 Jahre
682 2708 721 2762 im
811 2731 835 2778 9,
854 2723 946 2779 Πρω
956 2725 1001 2780 die
1010 2724 1239 2781 Ummhpmyh.

163 2778 228 2831 EXll
255 2779 306 2832 stuf
332 2778 448 2833 cercina
474 2779 505 2832 ln
533 2778 583 2832 der
608 2779 722 2833 klelnen
775 2794 971 2864 Schguspieler
990 2796 1070 2851 hatte
1088 2813 1156 2852 man
1173 2797 1238 2852 who

165 2850 245 2919 Syrte
264 2849 385 2918 verlebt,
405 2866 448 2904 wo
466 2849 515 2904 ihn
535 2849 664 2905 Tiberius
682 2850 721 2904 im
774 2866 826 2920 her
853 2883 874 2921 Ζ,
894 2866 924 2920 ΒΙ
943 2867 983 2920 im
1000 2866 1087 2922 ΜΗΘ
1106 2872 1139 2922 15
1159 2887 1185 2922 n,
1207 2867 1238 2922 οι

164 2922 190 2975 J.
210 2927 244 2975 14
262 2921 367 3003 n'.Chr‘
387 2920 475 2975 durch
494 2920 576 2977 einen
589 2921 720 2976 centurio
774 2909 886 3006 klalgen,
918 2937 972 2992 Zur
989 2937 1158 3009 Verhffiung
1176 2956 1231 2994 von

163 2992 352 3074 mm
454 3063 529 3076 Η
774 3007 1238 3065 mmmmmi

201 3069 241 3116 14.
261 3063 357 3117 Aeleus
375 3062 484 3132 Lamea,
504 3081 551 3119 e1n
564 3064 651 3118 Mann
664 3081 720 3119 von
774 3095 828 3133 von
847 3079 1051 3135 prumiam,

164 3136 293 3201 strengen
308 3132 408 3199 Sitten,
427 3135 495 3188 eber
509 3135 622 3201 human,
640 3135 720 3189 hatte
810 3172 851 3220 12·
891 3167 989 3222 Oscum
1033 3169 1092 3222 Aue
1120 3169 1217 3224 Atella

163 3203 223 3256 sich
241 3203 271 3255 in
280 3202 447 3257 Germanien
460 3204 518 3257 und
532 3205 655 3274 Illyrien,
674 3224 720 3258 zu·
774 3237 921 3292 osffischen
953 3238 1037 3294 stadt
1067 3239 1208 3295 zwigohen

163 3272 720 3414 {celeusmatececat:
773 3308 1237 3451 3y3„13‡yc355333*53,lt

162 3420 306 3611 {tc-l
335 3485 550 3612 ciserae
567 3486 638 3612 lu
772 3521 1236 3579 e

184 3627 190 3638 ,
302 3633 314 3660 ,¹
437 3599 443 3611 ·
616 3578 656 3640 ,Π
669 3577 719 3629 ap*
772 3592 910 3647 romische
933 3593 1031 3659 Posse,
1055 3593 1106 3649 der
1122 3592 1235 3650 Mimas.

163 3627 719 3768 tertiadecimani?alt
771 3663 1236 3805 fflffifflfflfflf

163 3767 486 3909 &melltta
646 3841 719 3898 a
772 3806 1235 3933 cathecumeni

163 3908 192 3962 in
212 3908 266 3963 den
283 3910 426 3980 Annales,
449 3914 488 3967 ist
506 3913 658 3984 eigentlich
677 3930 718 3968 ar·
938 3966 945 3978 ,
1066 3966 1072 3979 ,
1191 3967 1198 3979 ,

163 3979 314 4034 chaistisch
334 3983 401 4035 oder
423 3983 561 4053 poetisch,
585 3985 662 4039 steht
676 3985 718 4054 je·
808 3966 986 4048 ¹4·1?¹⁴.l⁸¹,·‘
999 3965 1099 4022 Italia·
1117 3964 1156 4049 ΕΒ
1175 3968 1235 4022 md

163 4037 1234 4122 mmmmmmmmwmmi

163 4120 233 4176 auch
258 4120 312 4177 οἱς,
337 4123 371 4177 (10
395 4123 450 4178 div,
476 4132 499 4194 1,
519 4133 553 4181 34
576 4127 719 4197 eademque
773 4110 833 4164 srch
852 4107 1008 4178 mrssheb1g
1026 4108 1160 4178 gemacht
1177 4109 1234 4166 hat

163 4198 315 4261 tempestate
324 4223 358 4232 -
368 4193 529 4251 Leuctricae
542 4215 655 4267 popone
673 4215 716 4253 ca·
808 4198 858 4257 15.
879 4201 902 4250 l.
923 4197 1046 4265 alteram,
1060 4196 1189 4253 ntmlich
1202 4199 1234 4254 de

163 4265 273 4319 taccitus
290 4266 515 4321 denuntiabatur.
772 4269 910 4334 manicus,
939 4267 1061 4336 geboren
1081 4266 1123 4322 im
1145 4268 1171 4323 J.
1197 4275 1230 4324 19

199 4342 223 4392 8.
252 4336 436 4392 Mithridatis.
460 4337 497 4391 Es
516 4337 554 4392 ist
572 4342 622 4395 das
640 4341 717 4397 Blut-
772 4341 874 4396 andere
893 4337 968 4393 hiess
987 4337 1125 4394 Tiberius.
