2722 4762
167 156 233 221 184
488 156 661 212 CORNELII
679 157 803 213 TACITI
820 157 1020 215 sarmium

165 318 354 404 postulavit,
372 319 493 383 frustra
506 320 675 404 vulgatum
694 320 845 385 dictitans
868 341 937 387 non
954 320 1053 387 licere
1065 320 1219 387 Dialibus
1238 358 1240 371 ι

166 407 273 491 Italia,
295 429 399 492 neque
422 407 510 472 aliud
531 408 581 473 ius
606 430 700 472 suum
724 430 820 493 quam
842 407 1043 475 Martialium
1061 407 1239 486 Quirinalia

130 496 350 564 oflaminum:
372 518 485 580 porro,
518 498 546 561 si
577 496 612 560 hi
636 496 806 562 duxissent
827 497 1027 582 provincias,
1054 520 1114 564 cur
1135 496 1239 564 Dialil

166 586 324 650 vetitum?
343 586 434 650 nulla
452 585 491 650 de
509 606 548 650 eo
567 585 679 669 populi
702 585 794 670 scita,
816 608 885 652 non
906 586 943 651 in
959 587 1053 653 libris
1072 587 1238 654 cacrimon

166 674 308 758 reperiri.
346 695 441 758 saepe
463 674 633 758 pontifices
656 673 767 740 Dialia
789 697 883 740 sacra
904 674 1035 761 facisse,
1065 675 1095 741 si
1117 676 1238 741 flamen

166 763 278 828 tudine
301 767 358 828 aut
376 785 507 827 munere
525 763 655 846 publico
674 763 894 847 impediretur.
930 763 1057 831 duobus
1079 767 1115 829 et
1133 768 1239 849 septus

167 852 261 916 annis
283 857 360 937 post
378 850 520 917 Cornelii
539 851 683 916 Merulae
706 851 836 917 caedem
854 853 1017 918 neminem
1036 853 1219 938 suffectum,

124 943 276 1008 10tamen
295 941 471 1006 cessavisse
489 940 671 1024 religiones.
708 940 794 1024 quod
817 941 844 1006 si
867 962 925 1024 per
947 945 1000 1007 tot
1021 956 1127 1007 annos
1149 943 1238 1026 possi

167 1030 270 1094 creari
301 1030 393 1094 nullo
427 1049 593 1093 sacrorum
625 1029 757 1112 damno,
789 1033 912 1115 quanto
943 1029 1070 1095 facilius
1104 1029 1237 1095 afutura

166 1118 262 1182 unius
286 1118 364 1182 armi
387 1117 617 1201 proconsulare
640 1117 836 1202 imperium?
858 1118 994 1202 privatis
1018 1118 1097 1185 olim
1122 1119 1238 1184 simult

167 1207 329 1290 effectum,
362 1209 399 1269 ut
426 1227 445 1269 a
468 1205 675 1289 pontificibus
698 1207 848 1271 maximis
879 1207 927 1271 irc
957 1209 992 1272 in
1022 1205 1208 1291 provincias
1234 1231 1237 1291 j

166 1295 335 1359 berentur:
376 1315 463 1358 nunc
504 1294 600 1358 deum
640 1316 773 1359 munere
814 1317 977 1360 summum
1011 1295 1204 1380 pontificum

124 1396 157 1448 15
168 1403 330 1447 summum
352 1381 521 1447 hominum
545 1404 624 1466 esse,
645 1404 714 1447 non
736 1382 960 1468 aemulationi,
987 1404 1053 1449 non
1080 1384 1158 1450 odio
1191 1395 1237 1449 aul

166 1471 250 1535 vatis
273 1470 508 1536 adfectionibus
531 1471 716 1537 obnoxium.

112 1560 157 1627 59
256 1558 422 1624 Adversus
446 1581 527 1642 quae
551 1582 625 1624 oum
648 1580 752 1645 augur
774 1559 931 1626 Lentulus
956 1559 1075 1645 aliique
1096 1561 1236 1625 variedi

168 1652 250 1732 rent,
274 1669 312 1713 eo
336 1648 506 1713 decursum
534 1653 584 1713 est
611 1653 649 1713 ut
676 1649 839 1731 pontificis
862 1649 995 1714 maximi
1027 1650 1221 1714 sententiam

167 1737 316 1802 rirentnr.
352 1736 502 1802 Tiberius
525 1737 626 1802 dilata
647 1738 782 1802 notione
805 1737 846 1802 de
866 1738 936 1803 iure
959 1737 1112 1822 flaminis,
1135 1738 1236 1805 decret

165 1826 373 1891 tribuniciam
395 1826 495 1891 Drusi
516 1829 713 1910 potestatem
737 1826 950 1892 caerimonias
969 1827 1174 1910 temperavit,
1195 1848 1236 1891 no

131 1915 227 1982 otim
250 1935 389 2000 arguens
421 1915 629 1980 insolentiam
661 1915 841 1980 sententiae
867 1936 1046 1999 aureasque
1062 1915 1200 1983 litteras
1228 1937 1235 1979 ⁴

167 2005 310 2087 patrium
342 2025 475 2069 morem.
512 2004 665 2068 recitatae
698 2006 731 2067 et
752 2002 853 2068 Drusi
886 2004 1043 2087 epistulae
1075 2025 1235 2088 quamque

167 2091 361 2157 modestiam
384 2092 485 2156 flexae
508 2113 567 2174 pro
592 2092 831 2175 superbissimis
855 2092 1067 2176 accipiuntur.
1103 2091 1168 2157 huc
1186 2093 1235 2157 de(

168 2183 296 2263 cuncta,
328 2184 364 2244 ut
394 2201 435 2243 ne
458 2180 582 2244 iuvenis
616 2180 744 2265 quidem
780 2184 876 2247 tanto
912 2180 1036 2246 honore
1072 2184 1206 2265 accepto

167 2268 258 2332 urbis
293 2266 382 2351 deos,
421 2268 644 2352 ingrederetur
681 2272 844 2353 senatum,
881 2269 1025 2352 auspicia
1067 2269 1184 2334 saltem
1220 2291 1234 2354 p

125 2374 159 2424 10
169 2355 254 2440 apud
291 2357 398 2420 solum
433 2357 598 2440 inciperet.
634 2357 720 2422 bello
757 2358 881 2423 scilicet
918 2361 976 2422 aut
1015 2357 1143 2423 diverso
1183 2361 1234 2422 ter.

169 2444 327 2528 distineri,
349 2444 447 2509 litora
469 2448 503 2509 et
524 2445 614 2510 lacus
634 2443 833 2529 Campaniae
856 2467 930 2511 cum
947 2446 1087 2511 maxime
1105 2467 1234 2532 paragra

168 2533 214 2598 sic
237 2534 339 2597 imbui
357 2536 515 2598 rectorem
535 2535 661 2619 generis
684 2534 830 2618 humani,
851 2535 884 2599 id
903 2534 1044 2618 primum
1065 2556 1084 2599 e
1105 2536 1233 2619 paterni

168 2621 250 2686 siliis
270 2621 400 2686 discere.
433 2643 511 2687 sane
530 2626 720 2707 gravaretur
737 2627 904 2709 aspectum
918 2622 1038 2688 civium
1050 2644 1149 2688 senex
1167 2623 1233 2707 imp

169 2831 482 2889 haltersohaftindsia
501 2833 729 2889 UeberdasVer-
783 2832 857 2887 noch
885 2831 976 2887 selten
1001 2831 1048 2887 ist.
1084 2831 1150 2903 Vgl.
1173 2833 1233 2888 hist

170 2904 292 2960 haltniss
317 2905 409 2960 dieser
430 2904 548 2960 Provinz
575 2923 610 2959 zu
634 2904 731 2961 Africa
779 2908 946 2972 procurator
956 2903 1080 2959 Marias.
1101 2910 1128 2970 1,
1141 2909 1177 2959 90
1195 2907 1232 2972 im

169 2976 229 3030 und
253 2976 323 3030 tiber
345 2976 391 3031 die
414 2976 580 3046 Bedeutung
597 2993 653 3031 von
670 2992 730 3031 sors
783 2975 936 3044 Acamas.
963 2978 991 3042 t,
1010 2980 1024 3028 1
1044 2973 1148 3031 &aar
1168 2975 1232 3029 Tite

168 3048 226 3116 vgl.
245 3065 280 3100 au
298 3063 340 3115 cp.
360 3052 403 3101 32.
784 3045 843 3116 ogi
862 3062 899 3102 m.
925 3044 974 3101 Gn.
990 3042 1136 3101 Cornelias
1144 3045 1232 3100 Lentu

205 3124 231 3171 4.
257 3117 328 3170 Duas
352 3118 407 3170 den
424 3117 564 3172 Pn'estern
586 3118 635 3171 des
654 3118 730 3172 Mars
783 3115 808 3172 J.
839 3122 872 3170 14
898 3133 925 3171 v.
944 3114 1008 3170 chr.
1033 3113 1150 3185 Consul,
1178 3117 1232 3171 selu

170 3187 228 3240 und
252 3185 300 3240 des
323 3185 454 3250 Quirinus
478 3187 658 3256 dergleichen
683 3205 730 3257 ge·
783 3186 840 3241 und
867 3184 1031 3257 habgieu'g,
1058 3185 1106 3243 ein
1132 3187 1232 3242 sterila

172 3258 273 3311 stattet
290 3256 381 3322 ward,
405 3257 514 3310 scheint
531 3258 730 3326 ungesetrlich.
783 3258 842 3312 und
860 3257 1017 3313 schlechter
1033 3254 1154 3313 Rednsr.
1182 3257 1232 3312 Na

171 3325 352 3395 Wenigsteus
379 3327 459 3381 hatte
486 3326 573 3382 echon
597 3345 647 3381 aur
669 3329 730 3383 Zeit
782 3330 833 3383 ton
851 3334 886 3382 49
904 3328 1020 3384 brachte
1038 3327 1088 3382 ihn
1102 3328 1231 3383 Tiberius

171 3397 220 3452 der
229 3395 372 3465 Republik
386 3396 435 3453 der
448 3395 578 3452 Pontifex
592 3398 730 3454 maximus
784 3398 885 3466 sehin,
911 3399 976 3453 dass
999 3414 1029 3454 er
1050 3397 1111 3459 dcli
1134 3399 1231 3454 entl'eil

171 3468 338 3595 wilederholt
360 3466 407 3522 ein
424 3466 496 3522 Veto
520 3468 648 3539 dagegen
672 3469 729 3524 ein-
784 3469 838 3524 den
860 3469 963 3594 ¹⁵{inser
986 3486 1050 3525 zum
1075 3466 1230 3540 alleimgen

219 3555 235 3594 e
271 3581 277 3594 .
784 3539 859 3595 eines
888 3543 927 3596 te.

172 3541 407 3678 geagllaaissent,
426 3609 650 3681 brachylogisch,
669 3611 729 3666 scil.
821 3617 846 3668 3.
865 3612 942 3667 actio
961 3611 1034 3666 aaa
1051 3611 1181 3694 capnitis,
1199 3612 1231 3666 wi

170 3687 249 3737 sorte.
784 3681 842 3735 und
871 3682 957 3738 echon
987 3681 1034 3736 bei
1061 3680 1168 3739 Oracro.
1206 3682 1230 3737 ει

208 3757 232 3807 8.
266 3753 379 3806 dachas.
400 3751 515 3807 Tacitus
527 3750 579 3806 hat
595 3751 655 3808 sich
668 3770 731 3807 ver·
784 3767 892 3808 avocere
908 3751 953 3806 fiir
970 3764 1135 3822 copaoaaerc.

171 3823 296 3891 reehnet,
315 3823 389 3877 denn
407 3823 544 3878 zwisohen
558 3829 592 3878 87
610 3841 636 3878 v.
658 3823 731 3890 Chr,
822 3828 864 3878 10.
896 3824 1020 3878 caesae
1042 3822 1221 3893 ‚‚entlegen“,

172 3909 216 3947 wc
234 3893 343 3947 Merula
361 3893 422 3948 sich
439 3894 557 3959 tddteta
576 3894 634 3948 und
654 3900 686 3948 11
703 3912 729 3950 v.
786 3900 819 3948 17
838 3895 961 3950 &aare
978 3895 1011 3948 ia
1028 3898 1125 3951 umas.
1153 3899 1185 3959 2,
1205 3901 1230 3950 6(

173 3962 250 4032 Chr,
277 3979 322 4018 wo
349 3965 492 4033 Augustus
520 3963 624 4018 wieder
648 3964 731 4020 einen
785 3971 849 4032 3‚2
878 3965 983 4034 oppida
1010 3964 1067 4019 und
1093 3965 1144 4022 oste
1181 3965 1230 4020 Uel

170 4034 275 4159 {illim
292 4032 382 4087 Dialis
406 4035 554 4102 einsetrte,
579 4035 672 4104 liegen
696 4042 729 4091 ‘15
784 4035 983 4160 gonlstrnction
1010 4035 1064 4091 mit
1090 4034 1156 4091 dem
1184 4035 1227 4092 Ge

190 4121 266 4159 am
432 4123 435 4130 ·
809 4106 1009 4175 mama

207 4175 257 4231 59.
286 4180 311 4230 1.
337 4190 428 4243 accur
445 4174 589 4231 Lentulus.
615 4176 729 4231 Tacitus
821 4184 863 4232 11.
878 4193 939 4233 cam
952 4177 1229 4247 marime‚‚geiaded

173 4247 251 4302 stellt
268 4243 366 4314 haufig
383 4245 438 4298 den
452 4245 598 4301 Amtstitel
611 4263 662 4301 vor
675 4247 730 4302 den
784 4248 838 4304 wie
856 4254 883 4318 4,
901 4253 936 4302 27
960 4252 1126 4318 coeptantem
1148 4265 1212 4303 cam

172 4318 378 4388 Eigennamen,
410 4332 467 4370 was
495 4315 541 4370 bei
567 4317 730 4374 Klassikern
784 4320 1002 4375 miserationem
1019 4319 1141 4389 disiecit,
1163 4319 1213 4375 bei
