2722 4762
388 147 497 202 LIBER
516 147 536 202 Ι.
575 146 652 202 car.
673 153 786 203 ro-n.
849 219 851 223 Ι
1129 150 1174 216 87

98 310 172 395 puli,
201 309 296 374 modo
323 313 453 394 pectore
481 310 577 376 modo
602 332 657 374 ore
680 314 777 376 tenus
801 315 975 396 exstantes,
998 313 1172 398 aliquando

98 403 169 463 acto
194 399 263 463 solo
288 398 412 464 disiecti
431 404 488 464 sut
511 399 628 464 obruti.
663 420 729 463 non
752 422 816 465 vox
839 403 872 463 et
893 401 999 465 mutui
1022 402 1172 467 hortatus

99 491 157 552 ant
184 487 375 552 adversante
398 488 497 572 unda3
525 488 607 551 nihil
631 491 780 552 strenuus
809 489 849 553 ab
879 488 1013 574 ignave,
1041 490 1171 575 sapiens

98 576 270 660 prudenti,
300 576 437 640 consilia
459 599 479 640 a
507 598 580 641 casu
604 575 743 641 differre:
771 580 888 642 cuncta
919 579 990 660 pari
1017 578 1174 644 violentia

98 665 256 729 rebantur.
289 664 421 728 tandem
434 664 588 729 Vitellius
602 665 636 728 in
654 663 790 729 editiora
804 666 913 730 enisus
929 666 1040 731 eodem
1055 687 1172 753 agmen
1183 690 1218 740 15

98 754 163 817 ixit.
190 757 422 836 pernoctavere
446 755 516 818 sine
539 753 742 836 utensilibus,
766 754 834 818 sinc
852 755 932 838 igni,
954 775 1074 840 magna
1096 778 1172 840 pars

111 846 168 906 aut
190 842 332 906 mulcato
352 863 495 926 corpore,
518 842 603 906 haud
628 841 736 905 minus
755 839 956 908 miserabiles
975 866 1071 927 quam
1090 865 1172 928 quos

98 954 105 994 i
137 930 355 1013 circumsidet3
383 931 502 1016 quippe
529 930 596 994 illic
624 931 723 994 etiam
750 929 906 996 honestae
938 933 1051 997 mortis
1084 955 1172 1016 usus,

98 1019 252 1103 rglorium
275 1020 417 1084 exitium.
449 1021 504 1083 lux
527 1018 667 1083 reddidit
690 1022 819 1102 terram,
841 1024 1107 1106 penetratumque
1130 1021 1171 1085 ad

96 1130 128 1170 nr
158 1106 341 1193 [Visurgin]
376 1130 439 1192 quo
467 1105 586 1172 Caesar
613 1109 716 1172 classe
748 1108 966 1174 contenderat.
1011 1110 1170 1195 inpositae
1180 1132 1216 1181 20

107 1197 266 1281 legiones,
300 1200 438 1281 vagante
474 1197 562 1260 fama
598 1197 796 1280 submersas3
832 1218 892 1261 nec
928 1197 1008 1262 fides
1046 1199 1171 1282 salutis,

98 1308 175 1348 uam
199 1281 370 1349 Caesarem
394 1285 633 1369 exercitumque
656 1284 805 1348 reducem
827 1285 942 1351 videre.

98 1373 158 1436 sam
183 1371 365 1452 Stertinius,
389 1374 429 1437 ad
453 1372 674 1457 accipiendum
695 1374 730 1437 in
753 1373 949 1438 deditionem
968 1371 1221 1460 Segimerum'll

99 1484 133 1525 m
153 1460 296 1545 Segestis
319 1462 527 1545 praemissus,
549 1461 655 1545 ipsum
679 1465 712 1526 et
734 1463 836 1526 filium
860 1463 929 1526 eius
951 1463 986 1526 in
1005 1464 1169 1527 civitatem

98 1573 156 1613 *um
193 1551 395 1634 perduxerat.
450 1550 526 1614 data
557 1550 685 1636 utrique
722 1551 831 1632 venia,
867 1552 962 1616 facile
995 1549 1169 1636 Segimero,

98 1640 204 1702 antius
223 1639 299 1723 filio,
322 1639 398 1723 quia
421 1638 571 1715 Quintilii
589 1637 669 1703 Vari
689 1661 804 1721 corpus
823 1639 971 1704 inlusisse
995 1640 1169 1704 dicebatur.

98 1750 139 1791 rm
177 1727 216 1791 ad
258 1728 438 1811 supplenda
479 1728 636 1792 exercitus
678 1727 796 1792 damna
840 1731 1002 1794 certavere
1043 1727 1206 1798 Galliaco

98 1817 179 1880 miae
197 1816 308 1899 Italia,
336 1815 421 1900 quod
450 1817 564 1901 cuique
591 1820 791 1900 promptum,
819 1838 909 1880 arma
932 1839 1031 1901 equos
1055 1838 1169 1882 aurum

98 1908 177 1969 ntes.
215 1926 349 1987 quorum
372 1903 505 1970 laudato
530 1904 636 1969 studio
658 1903 877 1988 Germanicae,
900 1905 998 1969 armis
1016 1905 1112 1970 modo
1136 1909 1170 1970 et

112 1994 152 2057 ad
171 1994 292 2057 bellum
311 1994 457 2077 sumptis,
480 1995 612 2077 propria
633 1994 770 2076 pecunia
788 1992 925 2057 militem
943 1993 1033 2058 iuvit.
1069 1999 1169 2078 utque

129 2082 317 2147 memoriam
351 2083 449 2146 etiam
479 2083 631 2147 comitate
663 2082 793 2165 leniret,
829 2081 995 2146 circumire
1033 2083 1169 2166 saucios,

108 2171 310 2255 singulorum
334 2171 498 2255 extollere3
527 2171 662 2235 vulnera
688 2171 817 2236 intuens
842 2170 941 2234 alium
969 2193 1039 2254 spe,
1068 2170 1168 2234 alium
1179 2192 1213 2240 10

98 2285 113 2341 r,
137 2263 268 2323 cunctos
293 2259 442 2343 adloquio
467 2264 500 2322 et
522 2281 598 2324 eura
621 2259 744 2342 sibique
768 2262 801 2324 et
824 2259 945 2342 proelio
968 2259 1128 2324 firmabat.

98 2348 225 2412 lecrcta
259 2369 296 2413 eo
329 2370 415 2412 anno
446 2347 656 2430 triumphalia
684 2347 829 2431 insignia
857 2348 897 2412 A.
930 2346 1097 2431 Caecinae,
1133 2347 1168 2413 L.
1180 2352 1222 2416 72

98 2437 152 2514 ric,
177 2435 211 2501 O.
231 2433 310 2500 Silio
330 2437 371 2501 cb
395 2458 446 2500 res
470 2458 542 2501 cum
561 2434 753 2500 Germanico
777 2440 894 2521 gestas.
921 2458 1042 2501 nomen
1063 2427 1169 2520 patris

98 2548 122 2589 e
132 2525 291 2608 Tiberius,
312 2547 331 2589 a
344 2526 464 2609 populo
476 2525 603 2608 saepius
618 2525 791 2610 ingestum,
805 2525 1001 2608 repudiavit3
1020 2546 1124 2609 neque
1134 2526 1169 2588 in

102 2753 242 2807 subtracto
260 2753 323 2806 selo.
353 2753 386 2805 In
404 2753 490 2806 etwas
509 2752 557 2806 ab·
648 2758 690 2808 11.
717 2753 822 2822 sibique
841 2757 865 2806 et
879 2754 993 2821 proelio,
1013 2752 1105 2807 Ueber
1123 2752 1169 2806 die

98 2823 172 2878 rnder
199 2823 365 2892 Bedeutung
393 2825 456 2892 sapt
478 2823 555 2893 Virg.
610 2822 927 2892 poetisoheVerbindun
957 2839 1007 2892 qne
1021 2828 1080 2877 ets.
1096 2814 1168 2877 Einl,

99 2895 403 2963 ,1993nbtrnbitnrqne
416 2895 555 2950 coinn-
611 2900 633 2958 5.
649 2901 692 2960 65,
710 2894 737 2950 b.
758 2895 837 2947 -In
856 2895 920 2948 dem
960 2891 1057 2949 erbum'
1075 2895 1168 2960 rtema-

111 2971 136 3021 et
153 2966 228 3020 nach
246 2982 303 3020 non
321 2983 342 3020 s.
360 2964 432 3020 Einl.
452 2969 474 3029 ξ.
495 2968 537 3020 61.
611 2966 657 3019 bnt
675 2965 745 3035 liegt
767 2965 813 3019 ein
831 2965 966 3034 Zeugma:
990 2981 1086 3018 eorum
1110 2964 1170 3018 ani·

112 3037 182 3091 eniti
208 3037 279 3091 statt
305 3037 441 3091 escendere
469 3035 556 3090 sehon
609 3053 669 3089 mos
687 3035 741 3090 sibi
759 3034 927 3090 conciliabat
944 3037 975 3090 et
992 3035 1028 3089 ad
1061 3040 1168 3104 ugnan-

98 3124 139 3162 .es.
159 3108 185 3163 b.
205 3124 228 3161 c.
248 3113 273 3175 2,
293 3113 327 3161 34
345 3113 377 3160 nt
394 3108 425 3160 in
443 3123 556 3162 ascensn
609 3107 677 3160 dum
708 3106 900 3161 confirmabat.
936 3053 1104 3183 Ausserdem
1130 3105 1170 3161 ist

98 3179 207 3246 isacile
225 3180 399 3232 eniterentur.
610 3178 658 3232 der
677 3177 824 3233 Gebrauch
842 3177 891 3231 des
910 3176 1009 3231 Dativs
1037 3176 1094 3231 und
1120 3176 1169 3231 des

99 3251 149 3304 lnce
166 3248 237 3302 wird
255 3248 345 3303 seiten
363 3247 555 3317 personificirt,
609 3248 693 3303 Verb.
713 3248 831 3319 simplex
849 3266 883 3302 au
901 3249 1047 3303 beachten.

98 3322 151 3391 ugr
169 3319 273 3374 bereits
291 3319 352 3375 Liv.
371 3325 396 3388 9,
415 3325 449 3373 30
462 3321 556 3388 plenos
647 3319 693 3376 72.
727 3325 751 3373 2.
781 3321 874 3388 patric
889 3321 1010 3388 patriae.
1040 3318 1093 3373 hiit
1111 3319 1169 3374 die·

98 3408 128 3446 ne
145 3407 188 3446 ecc
207 3392 257 3445 tnn
275 3392 415 3460 oppressit.
611 3407 669 3445 sem
684 3390 881 3446 Ehrennamen
898 3390 987 3458 hatte,
1007 3390 1105 3445 soweit
1117 3408 1170 3445 uns

100 3461 235 3531 Visnrpin
252 3462 304 3531 ist,
324 3461 361 3516 da
379 3461 428 3516 der
446 3460 556 3515 Marsch
610 3462 737 3516 bekannt
760 3461 811 3528 ist,
837 3462 888 3516 das
906 3462 981 3516 Volh
1006 3463 1096 3516 ancrst
1114 3461 1169 3515 den

98 3533 122 3586 :h
137 3550 193 3588 von
207 3533 257 3587 der
265 3532 332 3587 Ems
347 3549 396 3586 vor
410 3532 469 3585 sich
479 3532 556 3602 geht,
611 3532 706 3586 Cicero
724 3533 860 3603 begrfisst.
1154 3539 1159 3544 ’

98 3604 138 3658 ler
152 3604 286 3658 unechter
296 3604 397 3658 Zusatz
406 3602 474 3657 oder
488 3605 558 3657 statt
647 3610 672 3657 3.
711 3605 832 3673 inperere
867 3603 956 3672 pflegt
992 3603 1070 3656 sonst
1106 3602 1168 3657 eine

107 3674 231 3729 anderen
264 3675 460 3728 Flussnamcns
496 3690 556 3728 ver·
610 3673 776 3744 feindselige
803 3674 957 3742 Handlung
984 3692 1017 3726 an
1041 3673 1168 3727 bezeich-

98 3762 151 3801 ›en
189 3743 319 3799 Gemeint
345 3746 384 3799 ist
411 3745 486 3799 wohl
512 3744 557 3798 die
611 3762 678 3812 nen;
704 3746 771 3800 aber
796 3744 910 3799 eunuch
937 3745 975 3798 ist
1001 3750 1031 3812 2,
1052 3748 1085 3799 79
1111 3761 1167 3799 rnn-

109 3816 139 3869 in
158 3816 208 3870 der
226 3816 343 3870 Provinz
363 3814 531 3886 Grdningen.
610 3817 783 3885 prutredinem
813 3816 987 3884 imperatoris
1022 3816 1170 3870 identidem

113 3893 138 3943 2.
164 3888 261 3955 filinm.
282 3887 382 3941 Strabo
402 3889 490 3941 neunt
507 3885 558 3940 ihn
610 3889 736 3956 inperenc
759 3889 804 3955 (=
826 3888 1064 3953 commemorans).
1086 3889 1171 3950 -r'n

98 3978 164 4020 ικος.
611 3963 675 4012 aeta
697 3959 817 4013 alicuine
840 3959 948 4025 innare,
975 3958 1020 4011 ein
1043 3956 1096 4011 Eid
1120 3958 1170 4012 der

98 4030 201 4083 clndere
220 4028 371 4088 construirt
384 4027 500 4082 Tacitus
515 4045 557 4082 so·
612 4029 714 4098 Treue,
740 4029 795 4084 den
823 4029 913 4082 auerst
940 4028 985 4082 die
1010 4027 1170 4083 Triumvim

99 4099 152 4154 mit
177 4099 276 4154 Aecus.
310 4099 352 4153 als
384 4098 438 4152 mit
464 4098 557 4165 Dativ,
611 4098 651 4152 im
675 4101 699 4154 J.
725 4105 759 4154 42
786 4098 816 4154 in
843 4098 936 4170 Beang
961 4099 1012 4154 auf
1031 4099 1077 4154 die
1099 4099 1171 4154 Ver·

98 4176 131 4238 l3,
153 4176 184 4225 17
210 4171 331 4225 intusnm
354 4171 406 4224 isse
420 4171 559 4238 pucritiae
612 4171 774 4240 ordnnngen
799 4168 922 4225 ansar's
952 4170 1082 4239 geleistet
1108 4172 1171 4225 hat-

98 4242 166 4296 nin'.
186 4241 266 4296 Auch
281 4241 376 4296 Cicero
391 4243 462 4295 setzt
475 4241 557 4296 beidc
612 4244 660 4295 ten
687 4243 745 4296 und
773 4242 827 4296 den
845 4241 894 4296 der
914 4242 1000 4296 Sonat
1018 4242 1095 4295 sonet
1117 4241 1169 4295 all-

611 4313 733 4382 jahrlich
761 4330 807 4366 am
833 4319 858 4366 1.
881 4313 987 4366 Jannar
1010 4312 1075 4366 dem
1102 4311 1171 4366 Kai-
