2722 4762
152 206 215 269 198
467 208 641 265 CORNELII
665 207 789 263 TAGITI
811 208 1011 263 ANNALIUM

150 363 285 428 miliaris
308 362 424 446 copiis,
453 360 621 445 finivitque
652 368 781 443 tempus
811 360 899 423 intra
921 359 1008 445 quod
1031 353 1169 513 effectipfl
1182 358 1319 425 domibus

150 456 205 515 aut
231 450 346 515 insulis
374 450 601 534 apiscerentur.
651 448 757 512 ruderi
787 448 973 534 accipiendo
996 446 1132 513 Ostiens
1198 448 1319 533 paludes

97 558 131 609 ro
149 540 348 622 destinabat,
371 539 484 622 utique
507 559 622 620 naves,
650 559 731 621 quae
753 538 953 601 frumentum
974 534 1087 601 Tiberi
1112 536 1320 603 subvectavis·

149 631 233 711 sent,
267 632 403 692 onustae
434 627 547 690 rudere
579 627 796 709 decurrerent,
829 626 1038 709 aedificiaque
1065 625 1143 710 ipsa
1170 630 1260 691 certa
1280 626 1319 691 sui

148 720 240 801 parte
264 717 333 780 sine
359 715 507 780 trabibus
535 737 612 780 saxo
636 713 764 779 Gabino
787 714 956 780 Albanove
979 714 1217 797 solidarentur,
1248 714 1320 801 qnod

149 806 176 869 is
204 806 287 888 lapis
315 804 446 889 ignibus
473 804 648 887 impervius
677 806 738 886 est,
769 804 835 867 iam
863 825 948 889 aqua
970 803 1179 887 privatorum
1202 804 1319 869 lieentia

148 896 326 977 intercepta
358 915 421 977 quo
454 894 575 977 largior
607 894 639 955 et
670 892 816 975 pluribus
848 892 928 957 locis
956 892 992 955 in
1014 891 1189 976 publicum
1211 892 1320 975 flueret,

96 1003 129 1050 15
149 982 313 1064 custodes,
336 985 369 1045 et
392 981 537 1045 subsidia
560 981 771 1063 reprimendis
794 981 927 1065 ignibus
945 982 980 1044 in
998 982 1177 1064 propatulo
1198 982 1319 1067 quisque

148 1072 296 1154 haberet,
315 1091 374 1133 uec
392 1070 618 1134 communione
636 1070 809 1152 parietum,
829 1069 885 1133 sed
903 1070 1042 1153 propriis
1062 1090 1215 1155 quaeque
1232 1070 1318 1135 muris

149 1159 353 1223 ambirentur.
408 1181 446 1222 ea
478 1180 516 1221 ex
548 1158 690 1221 utilitate
724 1162 856 1241 accepta
888 1158 1036 1222 decorem
1063 1180 1198 1243 quoqne
1228 1178 1318 1225 novae

148 1248 220 1312 urbi
244 1247 388 1310 attulere.
434 1250 527 1310 erant
548 1249 660 1309 tamen
683 1247 738 1330 qui
760 1246 939 1329 crederent,
970 1250 1115 1311 veterem
1147 1248 1241 1311 illam
1266 1246 1317 1311 for-

148 1358 235 1400 mam
254 1336 437 1399 salubritati
459 1335 564 1418 magis
584 1335 788 1419 conduxisse,
812 1335 966 1419 quoniam
985 1334 1160 1420 angustiae
1178 1336 1318 1401 itinerum

95 1444 130 1493 ao
149 1428 181 1487 et
204 1423 341 1487 altitudo
363 1426 522 1486 tectorum
544 1445 610 1487 non
633 1424 766 1507 perinde
785 1424 863 1488 solis
886 1445 1006 1506 vapore
1028 1427 1315 1508 perrumperentur:

149 1516 184 1576 at
205 1534 291 1575 nune
308 1512 455 1594 patulam
474 1511 676 1575 latitudinem
700 1516 733 1575 et
750 1513 841 1576 nulla
859 1513 974 1577 umbra
991 1512 1163 1577 defensam
1183 1514 1316 1599 graviore

148 1604 240 1665 aestu
263 1599 435 1664 ardescere.

93 1689 139 1753 44
236 1688 281 1752 Et
312 1689 391 1753 haec
421 1688 549 1773 quidem
581 1690 731 1753 humanis
760 1690 903 1754 consiliis
935 1688 1204 1772 providebantur.
1254 1710 1316 1755 mor

148 1778 249 1860 petita
273 1778 363 1841 adis
387 1778 514 1861 piacula
547 1778 688 1862 aditique
712 1776 852 1859 Sibyllae
879 1778 968 1862 libri,
995 1800 1034 1842 ex
1061 1778 1184 1862 quibus
1209 1778 1315 1863 suppli-

148 1871 256 1929 catum
279 1865 426 1931 Volcano
459 1870 491 1929 et
519 1864 626 1930 Cereri
655 1865 945 1951 Proserpinaeque,
975 1888 1013 1931 ac
1041 1868 1227 1951 propitiata
1247 1866 1316 1931 Iuno

147 1976 205 2037 per
231 1957 410 2038 matronas,
442 1956 583 2037 primum
610 1955 645 2018 in
673 1952 846 2038 Capitolio,
879 1954 993 2019 deinde
1025 1955 1113 2039 apud
1144 1958 1317 2039 proximum

113 2063 249 2125 amare,
272 2044 356 2107 unde
378 2044 498 2109 hausta
521 2066 604 2127 aqua
626 2044 783 2126 templum
807 2046 840 2107 et
857 2044 1065 2107 simulacrum
1084 2042 1166 2109 deae
1184 2066 1317 2129 persper-

148 2154 220 2195 sum
238 2135 300 2215 est3
324 2135 357 2195 et
376 2133 568 2196 sellisternia
587 2155 623 2197 ac
642 2133 811 2217 pervigilia
829 2131 1030 2197 celebravere
1047 2130 1193 2197 feminae
1206 2134 1317 2221 ¹quibus

147 2221 256 2283 mariti
280 2224 380 2284 erant.
417 2221 473 2284 sed
496 2243 564 2285 non
582 2243 641 2305 ope
660 2222 815 2304 bumana,
839 2242 905 2285 non
922 2220 1154 2306 largitionibus
1172 2220 1317 2307 principis

149 2314 205 2371 aut
227 2308 322 2372 deum
344 2309 555 2391 placamentis
586 2308 760 2373 decedebat
781 2310 929 2393 infamia,
957 2309 1037 2393 quin
1062 2310 1194 2375 iussum
1220 2312 1317 2377 1116611-

148 2395 236 2458 dium
260 2396 447 2460 crederetur.
494 2417 570 2481 ergo
595 2398 754 2463 abolendo
777 2399 899 2463 rumori
917 2396 1004 2462 Nero
1029 2397 1177 2463 subdidit
1199 2410 1271 2465 r'eos
1291 2402 1318 2463 et

96 2505 130 2555 10
149 2484 395 2567 quaesitissimis
418 2486 531 2568 poenis
555 2485 687 2569 adfecit,
719 2506 799 2571 ques
827 2509 884 2570 per
911 2486 1037 2571 flagitia
1058 2486 1187 2553 invisos
1210 2488 1317 2573 vulgus

148 2572 350 2637 Christianos
374 2574 566 2658 appellabat.
620 2578 731 2639 auctor
758 2576 900 2640 nominis
927 2576 996 2639 eius
1019 2572 1172 2641 Christus
1196 2575 1317 2643 Tiberio

186 2862 225 2908 10.
244 2857 411 2923 subnectere,
431 2855 477 2909 bei
496 2855 561 2909 Tae.
581 2850 630 2908 du.
646 2853 705 2924 alp,
759 2856 860 2921 selten3
876 2853 1107 2926 sonstJtropisch,
1120 2856 1177 2911 vrie
1192 2858 1265 2913 auch
1275 2854 1316 2911 bei

148 2927 224 2979 sonst
240 2925 299 2981 fast
316 2945 369 2980 nur
385 2926 432 2980 bei
450 2925 594 2981 Dichtern.
761 2926 884 2981 Tacitus.

186 3003 226 3049 12.
245 3013 320 3050 saco.
341 2997 378 3050 Es
391 2998 445 3051 soll
459 2996 596 3051 Tuffstein
611 2998 704 3066 (tofus)
795 2996 843 3053 44.
863 3006 889 3051 3.
912 2996 1071 3067 propitiare
1079 2996 1119 3052 ist
1127 2998 1312 3066 arehaistieeb,

149 3066 223 3134 sein,
249 3066 299 3121 der
324 3069 388 3122 sehr
414 3074 497 3137 poros
516 3068 554 3122 ist
581 3068 638 3121 und
666 3068 705 3121 im
760 3067 789 3121 in
808 3069 858 3122 der
876 3068 963 3122 Prosa
981 3070 1038 3122 erst
1055 3067 1111 3123 seit
1130 3067 1252 3125 Curtius.

148 3138 236 3191 Feuer
263 3138 343 3192 nicht
368 3139 484 3208 springt.
530 3139 606 3192 Aber
633 3140 706 3193 nach
796 3144 819 3194 5.
835 3154 1023 3208 persperpere‚
1043 3138 1108 3194 sehr
1126 3140 1233 3211 selten,
1251 3140 1312 3195 doob

147 3207 220 3260 Plin.
239 3214 286 3275 36,
312 3215 345 3263 48
377 3209 414 3263 ist
440 3227 469 3263 er
496 3211 704 3264 unbrauchbar:
760 3210 834 3264 auch
857 3210 902 3263 ein
920 3208 1045 3264 1161161
1064 3208 1163 3265 (licere
1182 3212 1311 3277 (16611,

147 3278 223 3343 tofus
241 3280 375 3345 aedificiis
392 3281 503 3333 inutilis
521 3286 559 3333 est
578 3282 627 3333 ott.
761 3287 796 3335 34
814 3283 869 3335 sule
878 3284 1077 3349 perspergatur
1089 3284 1191 3337 oratio.
1219 3280 1312 3337 Dadie

185 3353 227 3401 15.
255 3351 377 3403 custodes
401 3351 440 3403 ist
459 3349 560 3419 Objeot
583 3351 631 3404 des
653 3351 706 3406 fol·
760 3353 871 3406 Frauen
883 3351 1040 3406 beiTische
1054 3350 1217 3425 nichtlage
1260 3368 1313 3407 son-

147 3420 258 3545 gpndpn
282 3422 404 3545 1106116161,-
437 3421 482 3546 plite
512 3420 706 3546 fflinsiirmm
761 3423 830 3549 dim
839 3440 952 3546 66666111,
977 3422 1150 3547 pplprurdlen
1165 3372 1313 3551 ἓξὲξ

147 3508 171 3545 16
203 3508 275 3546 aso:
308 3510 386 3546 erner
405 3510 435 3547 so
473 3508 507 3545 en
541 3509 567 3546 1e
620 3510 706 3548 asser·
760 3511 883 3548 sermon
931 3510 957 3547 16
1004 3512 1014 3547 1
1046 3508 1077 3547 61
1120 3510 1151 3549 61

146 3561 292 3632 leitungen
309 3563 446 3618 Aufseber
463 3563 563 3618 haben.
760 3565 867 3619 sitzend
881 3564 1069 3634 engebracht3
1089 3562 1311 3621 (16161661116161-

185 3639 226 3686 16.
246 3637 432 3690 cerrerauuioue
447 3637 585 3703 parietum
603 3635 641 3690 ist
659 3636 707 3690 ab·
761 3638 824 3701 otiu,
843 3652 900 3689 was
918 3634 1051 3704 fibrigens
1069 3629 1119 3689 ἀπ.
1139 3634 1197 3705 etp:
1211 3636 1256 3693 ist

149 3703 284 3759 structum
301 3723 353 3774 pro
373 3708 509 3761 concreto.
530 3737 564 3745 -
587 3724 708 3775 quaeque
798 3713 822 3761 8.
829 3708 1041 3775 plueurrreutum,
1052 3704 1144 3761 wofdr
1151 3705 1252 3763 Livius
1258 3706 1312 3777 ple

148 3772 626 3845 1611611161,,36ᾱ66(11111ᾶ6111611“.
650 3778 707 3831 Das
762 3778 949 3847 6616666631,
977 3776 1067 3831 findet
1090 3776 1230 3833 61611111
1250 3776 1313 3833 noel

148 3842 245 3896 Neutr.
260 3846 331 3912 plur.
347 3847 385 3901 ist
403 3851 476 3903 trotz
495 3849 543 3902 des
561 3848 628 3903 vveit
647 3850 706 3903 eut·
761 3848 826 3903 hist.
848 3854 876 3917 1,
896 3854 929 3903 63
957 3848 1016 3901 und
1041 3846 1091 3902 bei
1120 3846 1188 3903 dem
1216 3848 1314 3905 nuru

147 3913 258 3966 fernten
276 3917 403 3982 aedificia
427 3938 475 3974 um
500 3937 530 3974 so
557 3920 623 3973 eher
647 3937 707 3973 vor·
760 3920 875 3974 Plinius.
895 3950 929 3958 -
947 3920 1018 3987 prtia
1035 3918 1107 3973 statt
1123 3920 1179 3974 sed.
1209 3918 1237 3977 S.
1250 3916 1313 3975 nini

149 3984 289 4039 stendfieh
323 3987 364 4039 als
396 3990 445 4044 das
478 3990 706 4060 voraufgehende
761 3996 785 4055 ξ.
805 3997 848 4045 99.

148 4056 260 4139 quisque
287 4056 421 4113 bedentet
453 4062 553 4131 ‚‚jeder
579 4062 705 4116 Hausbe-
798 4067 839 4116 11.
859 4060 912 4115 Die
931 4059 1073 4130 Christen,
1090 4060 1202 4117 welche
1228 4060 1315 4118 frfllrer

149 4127 261 4183 srtzer“.
760 4150 815 4187 von
839 4131 952 4186 keinem
973 4129 1133 4186 rdmisehen
1151 4129 1316 4189 Schrifflrel-

185 4206 226 4252 22.
251 4198 400 4264 ardescere,
428 4220 480 4255 nur
502 4203 549 4257 bei
572 4204 706 4259 Dichtern
760 4205 802 4258 ler
835 4203 962 4257 erwahnt
994 4202 1122 4267 werden,
1157 4202 1316 4259 1616161661

148 4270 205 4324 und
232 4270 273 4325 im
300 4268 440 4324 silbernen
467 4273 579 4339 batem,
613 4275 650 4329 ist
677 4275 706 4330 in
762 4274 835 4329 auch
853 4273 930 4328 Suet.
949 4272 1023 4327 Nero
1042 4278 1077 4328 46
1101 4272 1144 4328 als
1167 4273 1217 4329 ein
1239 4286 1317 4347 pm

149 4340 240 4395 dieser
258 4339 446 4413 cigentliehen
460 4343 626 4414 Bedeutung
644 4345 707 4399 sehr
761 4346 901 4399 homiuum
914 4344 1120 4413 superstitionis
1128 4358 1317 4403 6666666616·
