2722 4762
352 210 462 265 LIBER
480 209 528 265 ΙΙΙ.
565 210 643 267 cnr.
662 217 777 268 ‹ra-46.
1087 211 1152 277 175

98 377 139 436 us
158 341 289 436 credita
326 375 478 455 optumus
498 373 632 457 quisque
651 374 699 438 rei
716 374 865 458 publicae
883 396 960 440 cura
977 374 1153 459 maerebat,

107 461 181 525 odio
213 460 434 543 praesentium
468 465 501 524 et
530 461 678 545 cupidine
706 463 896 528 mutationis
925 464 992 528 suis
1024 478 1187 548 quoquae

99 549 128 614 is
151 550 358 622 laetabantur
379 550 654 634 increpabantque
677 551 858 636 Tiberium,
886 551 972 636 quod
998 552 1034 616 in
1056 555 1150 618 tanto

109 642 199 703 motu
218 638 337 702 libellis
357 640 582 702 accusatorum
603 639 781 704 insumeret
799 661 939 724 operam.
977 662 1019 705 an
1037 637 1150 705 Sacro·
1260 637 1262 640 ’

104 727 285 791 maiestatis
308 726 440 791 crimine
468 748 559 790 reum
581 729 616 791 in
639 732 754 792 senatu
776 728 868 793 fore?
882 730 1055 794 ‘exstitisse
1078 735 1148 794 tan·

98 817 167 898 ros,
190 816 245 900 qui
276 818 425 880 cruentas
454 816 608 898 epistulas
637 816 735 880 armis
763 817 960 882 cohiberent.
996 818 1148 897 miseram

109 905 160 967 vel
182 904 268 969 bello
299 904 380 968 bene
404 904 533 968 mutari.
562 908 657 970 tanto
690 905 856 989 inpensius
883 907 918 970 in
942 907 1147 971 securitatem
1159 922 1194 970 10

98 993 176 1075 itus,
207 1014 311 1076 neque
343 992 414 1057 loco
447 1014 550 1076 neque
573 995 664 1058 vultu
687 997 827 1073 mutato,
856 995 911 1059 sed
942 998 979 1059 ut
1015 995 1147 1060 solitum

98 1081 142 1145 los
176 1081 245 1145 dies
278 1081 360 1166 egit,
387 1080 559 1146 altitudine
592 1082 700 1166 animi,
732 1104 773 1146 an
801 1087 991 1166 conpererat
1019 1084 1147 1148 modica

121 1170 263 1253 vulgatis
285 1170 416 1234 leviora.

98 1258 196 1321 terim
220 1256 319 1323 Silius
338 1281 410 1323 cum
429 1258 613 1343 legionibus
637 1260 762 1324 duabus
784 1260 943 1344 incedens,
965 1261 1146 1344 praemissa
1155 1259 1201 1326 45

98 1347 119 1411 ri
142 1368 243 1411 manu
265 1350 374 1411 uastat
397 1346 619 1430 Sequanorum
642 1369 759 1433 pagos,
789 1349 845 1432 qui
872 1349 987 1413 finium
1011 1349 1146 1413 extremi

97 1436 148 1499 uis
173 1436 366 1500 contermini
391 1437 533 1520 sociique
556 1437 591 1500 in
615 1437 713 1501 armis
737 1440 839 1501 erant.
880 1459 956 1501 mox
979 1436 1145 1522 Augusto-

122 1525 206 1607 petit
234 1546 370 1608 propero
401 1526 544 1609 agmine,
572 1526 771 1590 certantibus
799 1526 885 1590 inter
912 1548 946 1590 se
970 1525 1145 1612 signiferis,

98 1617 127 1676 te
157 1613 255 1677 etiarn
275 1614 425 1697 gregario
445 1614 558 1698 milite,
580 1636 620 1677 ne
649 1618 774 1679 suetam
798 1615 951 1698 requiem,
973 1636 1015 1678 ne
1038 1615 1180 1698 spatiac
1203 1610 1207 1617 ’

98 1701 353 1785 repperiretur:
376 1702 522 1766 viderent
548 1703 644 1768 modo
669 1704 821 1767 adversos
848 1706 881 1767 et
908 1703 1142 1788 aspicerentur3

98 1811 113 1852 s
147 1790 188 1854 ad
225 1791 405 1856 victoriam.
444 1791 668 1856 duodecimum
707 1792 791 1875 apud
823 1791 963 1874 lapidem
994 1790 1142 1856 Sacrovir

98 1900 142 1961 ue
160 1879 348 1962 patentibus
367 1880 447 1944 locis
467 1901 654 1964 apparuere.
690 1880 724 1943 in
742 1880 847 1945 fronte
867 1883 1025 1962 statuerat
1042 1880 1140 1944 ferra·

107 1968 261 2032 cornibus
286 1968 449 2051 cohortes,
473 1991 492 2032 a
519 1973 612 2053 tergo
646 1990 830 2033 semermos.
866 1969 936 2052 ipsc
968 1968 1053 2031 inter
1075 1968 1141 2050 pri-

99 2076 184 2139 equo
207 2057 328 2142 insigni
352 2057 448 2137 adire,
472 2079 651 2122 memorare
680 2061 803 2123 veteres
826 2055 995 2121 Gallorum
1019 2057 1139 2140 glorias
1151 2073 1185 2122 10

98 2165 111 2208 e
135 2143 293 2209 Romanis
318 2145 677 2229 adversa‘intulissent3
704 2168 801 2229 quam
824 2146 939 2210 decora
961 2144 1139 2210 victoribus

98 2257 110 2317 ι,
134 2236 258 2317 quanto
281 2234 508 2299 intolerantior
531 2235 668 2299 seruitus
692 2235 810 2298 iterum
832 2234 935 2299 uictis.

98 2344 128 2386 rn
167 2322 222 2386 diu
251 2323 332 2387 haec
368 2344 428 2388 nec
465 2324 549 2407 apud
586 2325 703 2388 laetos:
745 2323 865 2387 etenim
900 2323 1139 2406 propinquabat
1149 2323 1193 2387 46

99 2433 131 2474 m
158 2411 254 2495 acies,
277 2410 499 2496 inconditique
523 2434 560 2477 ao
583 2412 718 2476 militiae
735 2412 836 2477 nescii
859 2411 1013 2494 oppidani
1035 2432 1138 2495 neque

98 2608 119 2656 rt
143 2603 217 2674 liegt
238 2602 269 2657 in
291 2604 356 2657 dem
374 2603 525 2674 folgenden
579 2605 616 2658 da
634 2621 665 2659 er
681 2622 748 2658 vom
766 2604 858 2658 Rhein
881 2623 915 2658 zu
933 2602 989 2658 den
1007 2603 1138 2658 Aeduern

579 2676 683 2730 wollte.

110 2745 202 2799 maius
220 2746 332 2802 credita.
361 2744 425 2814 Vgl.
445 2752 470 2812 3,
492 2752 524 2799 12
615 2753 639 2801 8.
650 2747 750 2813 ferrati
758 2745 822 2814 ,‚die
833 2746 1051 2814 Gepanzerten“,
1059 2747 1138 2799 sonst

98 2831 118 2869 u
149 2817 273 2885 culpare.
311 2823 340 2884 4,
360 2822 393 2870 23
419 2817 523 2873 audiri.
579 2835 631 2871 nur
658 2817 698 2871 im
723 2815 890 2885 Sp'atlatein.
926 2816 963 2870 Es
988 2814 1051 2869 sind
1076 2815 1133 2869 die·

97 2892 129 2941 18
149 2889 311 2942 crcdcretur.
332 2887 358 2943 S.
374 2887 524 2954 utalaae
580 2888 675 2943 selben
698 2888 835 2956 gemeint,
859 2887 905 2941 die
929 2903 971 2955 cp.
997 2893 1031 2940 43
1054 2902 1135 2955 crup-

98 2973 116 3011 e.
574 2960 690 3028 pullarii
706 2958 825 3014 heissen.

98 3029 142 3083 aut
166 3033 357 3083 accusatorum
387 3029 449 3083 sind
476 3029 522 3084 die
613 3035 655 3083 10.
692 3028 749 3083 Der
773 3028 870 3082 Plural
893 3029 998 3096 ploriaa
1022 3029 1068 3095 (=
1090 3044 1135 3081 res

98 3116 112 3153 s
138 3099 188 3154 der
214 3099 367 3154 Delatoren
399 3117 435 3155 an
468 3101 522 3155 den
576 3100 719 3168 praeclare
751 3101 857 3169 gestae)
891 3099 967 3153 steht
994 3117 1046 3152 nur
1073 3098 1135 3153 hier
1221 3147 1225 3154 .

576 3171 623 3225 bei
645 3171 774 3238 Tacitus,
806 3169 966 3224 ausserdem
993 3169 1061 3223 aber
1087 3169 1135 3223 bei

98 3245 190 3296 reuma
220 3241 353 3311 mratulm
385 3241 447 3295 sind
475 3241 522 3296 die
577 3242 643 3296 Sall.
662 3241 727 3310 lug.
746 3247 789 3295 41.
817 3242 898 3296 Auct.
917 3241 954 3295 ad
971 3239 1093 3295 Herenn.
1108 3246 1134 3308 3,

99 3311 146 3366 des
163 3311 290 3378 Kaisers,
308 3312 396 3366 durch
413 3313 521 3367 welche
576 3318 601 3366 6.
617 3319 631 3366 7
648 3311 732 3367 sowie
746 3311 794 3366 bei
808 3311 914 3367 Gellius
928 3312 986 3365 und
995 3310 1035 3365 im
1051 3311 1134 3380 Sput-

98 3380 182 3436 811121
208 3401 256 3436 zur
280 3382 446 3453 Einleitung
472 3385 522 3438 der
575 3384 671 3439 latein.

114 3452 276 3508 suffundent.
614 3461 656 3508 12.
674 3455 867 3508 intolerantior
877 3452 1135 3521 scheinbarinpas-

98 3524 197 3579 ltltudo
226 3524 523 3592 ‚‚Verschlossenheit“
577 3526 665 3580 sivein
685 3524 783 3593 Sinne,
806 3524 922 3591 wiell,
943 3530 975 3577 10
998 3525 1133 3577 subiectis.

98 3601 145 3660 ,4,
164 3600 199 3650 86
217 3596 249 3648 iu
267 3595 442 3650 altitudinem
460 3612 522 3650 con·
575 3596 647 3650 Flor.
668 3602 697 3664 4,
718 3602 750 3649 12
774 3596 846 3649 nihil
868 3596 1048 3649 insultatione
1070 3594 1133 3647 bar-

98 3664 140 3720 sll.
149 3665 213 3735 Jug.
229 3670 262 3719 95
283 3669 347 3736 sagt
360 3683 415 3721 von
430 3666 520 3721 Sulla:
576 3668 706 3721 hararum
719 3668 921 3721 intolerantius.
936 3664 1069 3718 Ueberall
1079 3663 1132 3718 sel-

98 3736 182 3791 landa
203 3737 314 3805 repotia
337 3738 455 3791 altitudo
478 3740 521 3792 in·
575 3740 632 3806 ten,
651 3736 724 3792 doch
743 3739 829 3791 sehon
846 3736 894 3791 bei
913 3734 968 3790 Cic.
987 3735 1017 3789 in
1035 3734 1132 3788 Vatin.

98 3807 229 3862 rudibilis.
256 3807 294 3862 So
308 3808 464 3877 gebraucht
478 3809 522 3862 (ti-
577 3815 609 3862 12
629 3810 661 3863 de
684 3810 741 3862 tuis
763 3808 871 3862 diuitiis
892 3807 1134 3860 intolerantissime

98 3877 267 3932 lenBrielen
282 3878 333 3932 das
347 3878 521 3949 griechische
574 3881 715 3948 clarioris.
751 3879 792 3932 Im
812 3877 924 3933 Grande
943 3877 981 3931 ist
1000 3878 1050 3931 der
1064 3877 1133 3932 Sinn

98 3989 102 4003 .
573 3951 660 4005 actim
681 3951 843 4019 „massora

98 4019 158 4074 eber
176 4019 231 4074 den
249 4020 432 4088 Hexameter,
451 4021 518 4076 wel·
609 4020 659 4081 lu.
679 4028 704 4076 2.
723 4036 808 4089 neque
821 4020 908 4075 oculis
922 4020 981 4087 ott,
999 4019 1064 4074 dh.
1084 4035 1132 4086 „es

98 4107 116 4144 n
133 4091 163 4144 in
181 4090 231 4144 der
249 4091 352 4146 letaten
366 4092 441 4146 Zeile
458 4092 518 4146 auf·
571 4093 691 4162 verging
713 4091 798 4146 ihnen
817 4092 913 4145 Hbren
937 4090 995 4144 und
1014 4089 1132 4144 Schen“.

98 4160 289 4229 hatsaul,
310 4169 334 4217 1.
572 4164 636 4233 Vgl.
660 4164 726 4216 hist.
751 4171 776 4229 3,
801 4169 833 4226 13
857 4179 914 4217 non
940 4163 1049 4230 linqua,
1076 4175 1133 4214 non

98 4277 102 4289 .
134 4232 332 4302 Sequanorum.
355 4233 450 4287 Durch
468 4234 518 4288 das
572 4235 689 4288 auribus
712 4239 857 4302 conpetere.
891 4233 958 4287 Sall.
982 4232 1081 4299 fragm.
1106 4236 1131 4294 1,

98 4303 227 4372 melben,
240 4303 441 4359 nordwestlich
454 4321 519 4359 vom
573 4310 606 4359 88
625 4321 711 4374 neque
729 4307 823 4360 animo
840 4321 925 4373 neque
948 4303 1064 4358 auribus
1081 4304 1130 4380 aut

98 4391 156 4444 rga,
179 4377 285 4430 musste
305 4374 390 4429 Silius
413 4376 519 4445 ziehen,
574 4377 671 4446 linqua
699 4382 851 4446 competere.
883 4374 974 4430 Daftir
992 4373 1056 4439 sagt
1068 4369 1128 4423 Lrv.
