2722 4762
367 212 475 267 LIBER
494 212 555 265 ΧΠ.
584 212 663 266 GAP.
682 218 797 267 45-18.
1125 205 1169 271 59

98 362 226 427 ¹tionem
252 384 382 447 quoquo
409 362 505 427 modo
533 362 680 428 celerare.
725 366 862 447 augetur
890 362 1009 447 flagitii
1036 384 1168 449 meroes,

98 450 150 516 llio
180 451 305 516 occulta
328 452 534 535 corruptione
558 452 684 534 inpellit
707 452 840 519 milites,
869 458 906 515 ut
935 473 1049 536 paoem
1075 453 1167 539 flagi·
1186 475 1220 525 15

126 562 224 623 seque.
251 540 448 624 praesidium
478 541 655 605 omissuros
683 541 921 604 minitarentur.
966 562 1030 625 qua
1055 563 1166 607 neoca-

109 626 315 693 Mitbridates
348 630 434 693 diem
466 629 635 713 locumque
664 628 787 693 foederi
818 630 942 712 accepit
969 631 1166 715 castelloque

98 726 160 781 tur.

98 828 126 869 ic
154 806 259 889 primo
283 804 492 870 Radamistus
519 808 554 869 in
583 807 748 890 amplexus
776 807 844 871 eius
868 806 987 871 effusus
1011 807 1164 871 simulare
1173 811 1216 875 ll

98 896 193 978 rium,
217 916 363 959 socerum
382 916 419 958 ac
434 901 601 979 parentem
620 895 796 979 appellare:
816 894 914 959 adicit
927 896 978 959 ius
992 896 1165 961 iurandum

98 1004 178 1065 erro.
210 1005 276 1047 nou
305 1004 430 1048 veneno
457 985 524 1048 rim
547 984 739 1048 adlaturum.
785 985 880 1047 simul
904 985 938 1047 in
961 984 1069 1048 lucum
1091 1005 1164 1068 pro-

98 1094 144 1135 ιιιι
167 1072 281 1137 trahit.
308 1073 473 1155 provisum
501 1074 566 1137 illic
591 1073 740 1137 sacrificii
763 1078 912 1156 paratum
935 1072 1101 1155 dictitans,
1127 1078 1164 1139 ut

98 1162 196 1225 stibus
220 1183 284 1245 pax
307 1162 497 1225 firmaretur.
546 1184 617 1227 mos
640 1167 690 1226 cst
714 1162 858 1246 regibus,
882 1162 1030 1245 quotiens
1054 1162 1089 1225 in
1111 1184 1198 1233 soa

98 1273 134 1312 m
158 1264 285 1330 coeant,
314 1250 480 1334 implicare
509 1250 637 1315 dextras
660 1251 856 1334 pollicesque
879 1250 962 1314 inter
986 1272 1020 1315 se
1042 1250 1162 1315 rinoire

98 1361 135 1402 ue
159 1340 409 1423 praestringere:
437 1362 511 1404 mor
539 1340 594 1403 ubi
623 1340 756 1423 sanguis
779 1340 813 1402 in
836 1344 925 1403 artus
948 1359 980 1403 sc
1002 1342 1162 1404 extremos

98 1430 168 1495 erit.
201 1429 264 1491 leri
296 1428 363 1492 ictu
395 1450 541 1493 cruorem
565 1428 696 1492 eliciunt
725 1442 821 1512 atque
844 1428 982 1492 invicem
1005 1428 1162 1492 lambunt.

98 1516 157 1580 dus
181 1538 336 1581 arcanum
359 1516 497 1581 habetur
519 1518 612 1601 quasi
631 1522 742 1581 mutuo
762 1538 874 1580 cruore
897 1520 1068 1580 sacratum.
1105 1517 1161 1581 sad

98 1606 145 1688 pri
173 1626 210 1669 ea
238 1606 344 1670 rincla
371 1606 579 1689 admovebat,
606 1606 762 1670 decidisse
790 1605 947 1668 simulans
970 1626 1077 1689 genua
1100 1604 1214 1677 Mi-1a

98 1695 135 1757 :is
163 1694 286 1758 invadit
309 1695 478 1779 ipsumque
506 1695 698 1779 prosternit:
731 1693 890 1777 simulque
913 1715 1069 1758 concursu
1091 1695 1160 1777 plu-

100 1784 266 1847 niciiurtur
288 1788 429 1847 catenae.
476 1806 512 1847 ac
536 1784 701 1867 compede,
724 1782 810 1866 quod
829 1781 1021 1847 dedecorum
1044 1783 1160 1846 barba-

98 1871 267 1935 ahebatur:
292 1893 366 1935 mor
381 1873 456 1955 quia
479 1873 595 1957 vulgirs
610 1872 689 1936 duro
707 1871 842 1955 imperio
856 1870 1017 1951 habitum,
1040 1871 1158 1953 probru

98 1961 183 2023 :bera
216 1960 430 2024 intentabant.
476 1966 509 2023 et
532 1965 624 2024 erant
646 1969 759 2026 contra
783 1959 837 2043 qui
860 1964 986 2023 tantam
1009 1958 1159 2023 fortunae
1283 2040 1288 2049 Ι

98 2050 271 2112 stationem
305 2050 549 2115 miserarentur:
584 2054 757 2133 secutaque
791 2069 865 2112 cum
900 2048 1010 2131 pariis
1045 2048 1157 2111 liberis
1178 2070 1210 2118 15

98 2160 125 2200 ix
149 2151 265 2201 cuncta
288 2140 519 2202 lamentatione
543 2139 734 2222 complebat.
784 2136 918 2200 dirersis
947 2141 978 2199 et
1001 2136 1158 2201 contectis

98 2227 136 2288 lis
161 2226 335 2293 abduntur.
359 2228 434 2291 dum
457 2226 685 2292 Pharasmanis
708 2228 795 2289 iussa
820 2225 1069 2309 exquirerentur.
1109 2225 1158 2288 illi

120 2317 214 2399 regni
228 2316 326 2379 tratre
350 2329 381 2379 et
404 2317 472 2380 filia
495 2317 602 2399 potior
621 2317 810 2398 animusque
826 2314 999 2378 sceleribus
1013 2317 1158 2397 paratus;

98 2426 200 2467 :amen
223 2405 397 2471 consuluit.
425 2427 466 2467 ne
494 2426 602 2469 coram
634 2404 834 2469 interficeret.
884 2409 916 2466 et
939 2402 1157 2485 Radamistus,

98 2492 177 2555 iuris
202 2493 327 2556 iurandi
352 2514 487 2560 mernor.
514 2516 581 2557 uon
603 2494 739 2575 ferrum,
766 2514 832 2556 nou
859 2512 1019 2555 venenum
1042 2492 1077 2556 in
1107 2513 1157 2556 so·
1175 2513 1210 2561 ao

112 2598 144 2643 et
168 2599 320 2664 patruum
343 2583 515 2665 expromit,
539 2583 594 2646 sed
617 2583 777 2666 proiectos
800 2581 834 2644 in
856 2580 991 2643 humum
1013 2586 1046 2643 et
1068 2584 1157 2644 reste

108 2671 262 2754 gravique
291 2682 420 2753 opertos
449 2676 552 2735 necat.

597 2672 655 2735 filii
680 2691 806 2755 quoque
829 2668 1039 2749 Mithridatis,
1071 2667 1158 2753 quod

98 2781 133 2821 us
157 2764 327 2841 parentum
350 2759 645 2827 inlacrimaverant.
669 2758 821 2824 trucidati
845 2764 929 2819 sunt.

100 2863 114 2910 t
129 2846 311 2922 Quadratus
335 2870 533 2933 cognoscens
557 2848 720 2932 proditum
732 2844 942 2909 Mithridaten
966 2849 998 2908 et
1016 2864 1154 2929 regnum
1166 2850 1209 2914 48

98 3099 112 3110 ..
152 3059 179 3109 in
200 3059 342 3125 amplexus
364 3060 423 3112 cius
441 3060 543 3125 efferans

111 3128 238 3197 gerulae:
252 3130 324 3182 nach
342 3136 364 3185 1.
382 3138 411 3181 11
434 3132 461 3181 in
482 3148 543 3199 que-

98 3202 199 3253 erinnis
227 3206 287 3253 ratu
307 3202 420 3265 effrenati.
450 3208 484 3253 51
513 3202 542 3253 in

103 3312 109 3323 .
166 3272 335 3325 Aehnliches
373 3273 460 3325 schoa
497 3272 543 3325 bei

98 3360 155 3395 eru.
174 3342 283 3395 ,luders
297 3342 401 3396 Petron
417 3349 467 3395 139
487 3361 542 3395 ανη-

98 3430 118 3466 a·
137 3415 299 3479 effusissima
319 3431 357 3466 nn
378 3416 487 3467 unani.

98 3504 185 3553 ,aa-ns
207 3501 260 3554 rnit
286 3502 350 3555 deni
375 3501 395 3555 C
397 3502 542 3570 cnjunctis

98 3573 290 3642 ,eiterholunp
310 3572 363 3626 wie
383 3579 407 3629 ·.‘,
423 3580 447 3625 2.
468 3580 542 3630 1110

98 3661 141 3696 ur.
185 3644 221 3697 Sa
240 3644 279 3696 im
298 3644 461 3712 Folgeruleu
486 3646 540 3697 ubi.

115 3715 179 3767 bist.
202 3724 224 3770 l.
244 3722 286 3767 49.
307 3722 332 3771 2.
352 3721 394 3768 ld.

101 3826 145 3865 att
176 3812 226 3865 der·
252 3813 447 3881 regclrechten
473 3812 542 3867 Cou-

99 3902 118 3935 n
141 3890 218 3935 artus
242 3890 372 3937 acu-ana
395 3886 542 3949 suffiulerit

99 3953 283 4007 :Handschr
303 3955 375 4009 iroch
402 3957 430 4006 in
451 3954 541 4008 hinzu.

98 4025 146 4078 lies
162 4026 226 4078 ccht
241 4026 293 4081 ist.
308 4044 337 4079 so
353 4044 427 4078 nruss
441 4042 468 4077 se
482 4043 541 4079 rer-

98 4097 137 4148 ch
157 4097 335 4165 arisgelasseu
353 4097 420 4150 sein.

98 4212 195 4245 canani
218 4194 471 4263 ..gcbcirunissroll
482 4211 540 4261 mr-

106 4268 231 4332 —quasi
249 4265 359 4321 ..u-eir·
379 4264 541 4318 bezeiclruet

98 4335 143 4388 uid
158 4336 187 4388 in
201 4335 353 4389 indirecter
362 4336 455 4399 Reda:
471 4336 541 4388 eben

598 3076 628 3112 so
638 3058 678 3111 im
687 3056 862 3126 Folgendeu:
877 3058 958 3123 qnasi
968 3056 1157 3109 iurisiurandi

599 3146 696 3182 rnennn·
710 3127 767 3181 und
785 3134 807 3185 1.
822 3134 864 3181 35.
881 3132 923 3188 13.
941 3133 981 3181 18.
999 3132 1039 3183 14.
1054 3133 1097 3181 bb.
1114 3132 1155 3191 15,

600 3208 641 3253 10.
662 3207 704 3253 ῖ1.
741 3199 804 3253 Erst
828 3198 857 3252 in
880 3197 935 3251 den
952 3198 1088 3252 Annalen.
1126 3195 1153 3251 S.

598 3271 669 3325 Einl.
689 3278 712 3335 ξ.
731 3277 774 3323 95.

635 3350 676 3395 lt.
697 3342 879 3395 intentabant.
890 3340 1023 3395 Dasselbe
1034 3338 1157 3409 Zeugma

597 3414 673 3467 steht
691 3420 716 3469 3.
732 3420 765 3467 36
786 3412 896 3465 :loratino
914 3428 973 3465 cun
996 3427 1077 3465 rocca
1095 3428 1154 3463 cuni

597 3500 696 3537 triarius
715 3485 890 3538 intentarent.
932 3481 1021 3535 Datiir
1039 3480 1077 3535 ist
1095 3481 1155 3534 bes-

596 3573 640 3609 ser
658 3554 725 3608 hist.
751 3562 776 3612 3.
795 3560 828 3607 31
860 3554 1018 3621 inperetnint
1042 3552 1155 3618 probru,

598 3627 772 3679 intentabant
792 3627 869 3677 ictus.

635 3704 675 3751 19.
708 3698 780 3749 risui
810 3695 948 3747 iuni-saluit
981 3708 1033 3747 ..er
1060 3692 1156 3747 wollte

597 3767 675 3822 nicht
694 3768 879 3835 Augeuzeuge
898 3763 987 3817 seiu··.
1029 3764 1061 3815 lu
1079 3762 1157 3817 dem·

597 3840 693 3893 selben
716 3838 801 3891 Siune
824 3836 910 3889 heisst
934 3840 1078 3901 es15‚dl
1099 3836 1158 3887 roci

596 3915 684 3963 tantan
701 3915 725 3961 ct
739 3908 861 3973 aspectui
870 3907 1000 3974 pepercit.
1034 3904 1090 3959 Das
1103 3905 1156 3959 fol·

596 3981 686 4050 gende
711 3997 743 4031 nc
766 3978 802 4032 ist
822 3976 975 4045 explicatis
998 3975 1043 4030 fiir
1067 3978 1107 4030 ita
1127 3980 1158 4029 ut

598 4068 659 4105 >irin
697 4050 762 4119 t'gl.
781 4068 815 4101 zu
835 4056 875 4105 11.
897 4056 929 4102 15
959 4065 991 4101 nc
1019 4050 1090 4101 ritas
1112 4063 1156 4101 sa·

596 4138 702 4175 crorum
722 4122 955 4173 oblitterarentur.

631 4262 680 4317 lS.
701 4270 724 4314 1.
761 4278 922 4331 coporosccns
947 4260 1092 4315 aoristiscb
1110 4257 1156 4311 for

596 4336 711 4402 eugunio.
750 4332 777 4385 S.
796 4350 830 4385 zu
850 4340 891 4391 11,
910 4339 953 4385 35.
