2722 4762
398 180 547 234 LIBERI.
586 181 663 236 OAP.
684 188 798 238 es-eo.
1144 183 1187 264 85

98 343 344 426 erumpendum:
368 344 425 407 illa
449 344 618 427 eruptione
647 345 688 408 ad
710 343 861 410 Rhenum
888 347 1058 428 perveniri.
1101 346 1186 431 quod
1206 363 1221 412 5

98 436 221 517 gerent,
244 433 347 516 pluris
372 433 480 516 silvas,
503 433 680 516 profundas
709 435 815 520 magis
838 434 987 520 paludes,
1016 435 1188 501 saevitiam

100 545 156 585 um
184 543 366 605 superesse;
397 525 432 585 at
460 522 639 586 victoribus
672 523 768 587 decus
796 524 945 608 gloriam.
991 547 1072 608 quae
1101 524 1188 589 domi

119 632 200 695 quae
224 611 395 675 incastris
428 609 578 692 honesta,
612 617 781 696 memorat3
805 613 935 676 reticuit
965 613 1003 676 de
1034 613 1188 678 adversis

98 723 109 763 s
148 699 277 781 dehinc,
310 721 402 763 orsus
435 700 557 783 asuis,
589 700 772 784 legatorum
795 701 1062 785 tribunorumque
1094 699 1187 766 nulla

98 788 189 853 tione
212 787 390 852 fortissimo
416 788 529 872 cuique
552 789 704 853 bellatori
727 789 836 873 tradit,
858 795 895 855 ut
918 790 966 874 hi,
989 812 1064 854 mox
1087 792 1185 874 pedes
1197 806 1230 856 10

98 880 196 941 istem
218 877 416 941 invaderent.
1169 960 1171 963 ι

99 965 198 1031 Haud
221 966 328 1030 minus
357 966 484 1051 inquies
508 964 690 1030 Germanus
715 989 789 1051 spe,
818 967 965 1051 cupidine
995 972 1028 1032 et
1051 968 1185 1032 diversis
1196 967 1239 1033 68

98 1078 130 1118 m
155 1055 327 1119 sententiis
351 1056 479 1138 agebat,
503 1055 651 1120 Arminio
677 1056 953 1140 sinerent'egrcdi
976 1078 1186 1141 egressosque

98 1167 139 1208 rm
162 1166 220 1228 per
242 1144 352 1208 umida
375 1147 407 1207 et
437 1144 582 1228 inpedita
610 1145 879 1209 circumvenirent
906 1144 1073 1229 suadente,
1101 1149 1186 1209 atro-

116 1232 327 1317 Inguiomero
351 1235 384 1296 et
403 1234 489 1297 laeta
512 1233 670 1317 barbaris,
693 1237 730 1297 ut
749 1234 872 1298 vallum
890 1235 988 1298 armis
1008 1234 1181 1298 ambirent:

98 1326 197 1405 rptam
221 1323 510 1407 expugnationem,
531 1323 643 1405 plures
667 1323 827 1407 captivos,
849 1324 1071 1407 incorruptam
1093 1338 1221 1407 prae-5

120 1411 200 1475 fore.
246 1411 346 1495 igitur
379 1415 450 1475 orta
481 1411 532 1474 die
563 1415 722 1495 proruunt
753 1411 873 1494 fossas,
905 1412 1043 1476 iniciunt
1073 1415 1187 1497 crates,

98 1523 137 1563 na
160 1500 240 1563 valli
262 1504 434 1583 prensant,
463 1521 535 1564 raro
568 1522 665 1583 super
687 1500 791 1564 milite
825 1505 858 1564 et
881 1502 975 1585 quasi
998 1502 1052 1566 ob·
1064 1506 1187 1565 metum

98 1612 120 1654 s.
154 1592 327 1674 postquam
345 1588 478 1653 haesere
498 1588 718 1668 munimentis,
739 1589 833 1653 datur
853 1589 1041 1654 cohortibus
1057 1589 1186 1674 signum

98 1699 193 1760 laque
218 1699 255 1741 ae
272 1679 370 1742 tubae
394 1677 593 1742 concinuere.
631 1677 706 1741 exin
729 1678 868 1742 clamore
892 1683 925 1742 et
944 1679 1065 1762 impetu
1085 1679 1185 1763 tergis

98 1789 244 1830 ranorum
263 1766 570 1850 circumfunduntur,
594 1766 825 1850 exprobrantes
848 1789 914 1830 non
937 1767 991 1831 hic
1010 1768 1106 1830 silvas
1120 1787 1184 1830 ,nec
1197 1782 1230 1830 10

98 1857 158 1938 les,
183 1856 239 1919 sed
267 1855 379 1940 aequis
408 1855 488 1919 locis
516 1877 634 1938 aequos
662 1855 747 1920 deos.
788 1855 875 1919 hosti
902 1856 998 1921 facile
1026 1855 1185 1919 excidium

98 1966 189 2009 sucos
214 1965 252 2007 ae
271 1965 445 2008 semermos
470 1944 628 2028 cogitanti
653 1966 749 2008 sonus
773 1944 935 2027 tubarum,
954 1944 1063 2028 fulgor
1081 1964 1186 2007 armo-

117 2036 239 2116 quanto
264 2033 407 2121 inopina,
430 2035 523 2096 tanto
552 2033 677 2096 maiora
705 2033 927 2116 offunduntur,
955 2033 1186 2116 cadebantque,

98 2122 170 2186 ebus
201 2122 349 2185 secundis
381 2120 481 2199 avidi,
509 2122 557 2185 ita
589 2121 733 2185 adversis
765 2121 895 2186 incauti.
941 2120 1108 2186 Arminius
1137 2121 1185 2184 in-

98 2235 110 2293 ·,
128 2210 355 2294 Inguiomerus
371 2214 447 2293 post
462 2229 560 2294 grave
580 2210 696 2274 vulnus
715 2230 860 2294 pugnam
875 2210 1054 2296 deseruere3
1069 2210 1185 2295 vulgus
1198 2225 1229 2274 15

97 2299 209 2371 datum
239 2302 302 2382 est,
332 2299 433 2363 donec
461 2300 510 2362 ira
540 2302 572 2362 et
604 2297 670 2362 dies
704 2299 892 2382 permansit.
929 2302 1024 2364 nocte
1056 2298 1186 2362 demum

98 2411 157 2452 sae
194 2388 353 2473 legiones,
390 2388 537 2471 quamvis
572 2387 644 2470 plus
682 2388 863 2472 vulnerum,
896 2388 1007 2452 eadem
1040 2388 1186 2453 ciborum

98 2500 137 2542 :as
166 2476 331 2562 fatigaret,
367 2478 432 2541 vim
466 2476 639 2539 sanitatem
667 2476 791 2560 copias,
828 2481 944 2540 cuncta
980 2483 1014 2540 in
1050 2476 1186 2541 victoria

100 2587 160 2629 ere.

101 2654 292 2718 Pervaserat
315 2655 445 2718 interim
469 2654 680 2717 circumventi
704 2655 860 2719 exercitus
893 2654 982 2718 fama
1009 2657 1042 2718 et
1064 2653 1184 2718 infesto
1196 2653 1238 2718 69

98 2765 248 2807 ranorum
272 2744 401 2828 agmine
426 2741 549 2806 Gallias
573 2742 654 2826 peti,
678 2765 714 2806 ac
737 2743 770 2806 ni
794 2742 978 2828 Agrippina
1006 2743 1185 2826 inpositum

98 2855 124 2898 ro
147 2836 283 2916 pontem
307 2832 388 2896 solvi
411 2831 646 2915 prohibuisset,
674 2836 766 2896 erant
793 2833 848 2916 qui
876 2833 909 2895 id
937 2832 1098 2916 flagitium
1121 2831 1185 2895 for·

98 3007 185 3062 [leber
202 3008 298 3061 deletae
317 3024 337 3061 s.
356 3025 390 3059 zu
410 3024 451 3076 cp.
471 3012 513 3062 34.
662 3013 686 3060 9.
706 3006 798 3060 Ueher
817 3006 871 3060 den
889 3005 1004 3061 Ablativ
1022 3005 1052 3059 in
1071 3006 1186 3059 elamore

109 3080 222 3132 bellator
236 3079 321 3132 echon
331 3078 377 3132 bei
386 3079 504 3131 Plautus
514 3078 572 3131 und
626 3080 771 3145 etr'rupetu
789 3096 809 3131 s.
830 3096 864 3131 zu
883 3095 925 3147 ep.
945 3083 987 3132 59.

665 3173 705 3220 11.
725 3167 861 3221 excidium
880 3169 937 3221 eret
955 3166 1009 3221 seit
1021 3165 1115 3234 Virgil
1128 3164 1186 3218 und

98 3167 114 3205 ,Ι
124 3219 259 3354 1.ΕῙὶ]Πῖἲ)θέ·
278 3220 362 3345 hilm
381 3219 480 3274 (lrillefl
496 3219 572 3273 Sal-⁷⁴·
627 3236 722 3292 Livius
740 3237 947 3308 gebrauchlich.

106 3310 127 3346 S.
214 3332 219 3343 .
255 3332 261 3344 ο
317 3333 323 3345 ι

105 3363 209 3416 ambire
232 3362 273 3415 als
292 3361 488 3416 militarischer
506 3362 572 3415 Ter·
664 3333 704 3381 ¹²·
723 3323 1187 3410 ‘mml3blde⁰·imm.⁰ri¹²leh

98 3455 101 3486 ι
120 3436 192 3487 ΒΜ
210 3434 393 3501 ,iwmndare’
413 3435 518 3502 ,We
536 3433 573 3486 is,
627 3400 676 3453 der
694 3400 811 3452 awerten
826 3399 1012 3465 Deehnation,
1030 3397 1078 3451 ber
1091 3396 1186 3450 Livius

98 3522 145 3558 nes
164 3503 273 3557 Latein.
626 3471 766 3524 mmm&
1074 3537 1077 3543 .

106 3581 249 3645 proruunt
276 3575 376 3643 fossas,
405 3575 466 3629 eine
489 3581 571 3644 pffig.
663 3565 704 3613 13.
724 3558 816 3612 Ueher
834 3558 883 3612 das
901 3557 1032 3611 fehlende
1050 3556 1138 3624 mayis
1157 3555 1186 3610 in

115 3646 312 3701 Construction
332 3648 403 3700 stau
419 3647 522 3700 vallum
540 3647 573 3700 ire
626 3635 728 3698 illam
746 3631 864 3698 impilm
882 3647 903 3683 θ·
922 3628 993 3682 Elui·
1013 3633 1036 3692 ἓ·
1057 3632 1099 3694 97,
1117 3625 1144 3679 b·

110 3722 268 3787 prorueret,
294 3716 346 3771 wie
371 3718 442 3771 noch
466 3717 525 3771 Liv.
546 3724 571 3785 9,
663 3725 705 3773 17.
724 3719 847 3788 quemvis
862 3718 932 3771 statt
945 3732 1109 3785 quamquam
1119 3716 1186 3770 oder

98 3792 141 3861 gt:
164 3789 290 3842 eruerat
311 3789 414 3842 callum
438 3795 518 3858 atque
540 3789 572 3842 ia
625 3791 687 3856 etsi,
714 3791 759 3844 ein
784 3790 891 3843 blosses
915 3788 1032 3841 Factum
1058 3787 1186 3841 bezeich-

111 3866 285 3929 proruerent.
626 3861 713 3928 nend,
733 3861 774 3914 ost
792 3860 838 3913 bei
857 3859 985 3927 Tacitus,
1006 3858 1110 3913 Sueton
1129 3857 1187 3911 und

99 3947 236 4000 prensare
254 3930 291 3986 ist
309 3930 339 3984 in
358 3930 448 3984 dieser
465 3930 571 3984 Bedeu-
627 3931 771 4000 Spateren.

98 4002 279 4072 dichterisch,
299 4002 352 4055 wie
370 4001 447 4070 Virg.
463 4002 532 4056 Aen.
548 4007 573 4069 2,
665 4009 706 4057 18.
745 4001 821 4056 Statt
846 4005 947 4070 epestas
970 4003 1102 4055 erwartet
1119 4017 1187 4054 mun

98 4078 216 4128 reusam
233 4074 349 4142 fastigia
368 4074 478 4126 deutris.
627 4075 733 4142 inopie,
753 4074 826 4128 doch
840 4073 928 4126 findet
941 4072 1001 4126 sich
1018 4073 1102 4126 sehon
1118 4072 1186 4125 {thn-

98 4145 365 4212 roesere=oecupuli
373 4149 460 4211 eruat,
469 4144 573 4212 cigent-
628 4143 716 4198 liohes
731 4144 775 4199 bei
787 4143 901 4198 Sallust.
917 4149 941 4210 6,
953 4149 986 4197 23
1001 4147 1114 4212 epestute
1123 4143 1185 4196 eibi.

98 4215 132 4270 rie
157 4215 274 4283 hingem
299 4231 394 4269 sassen
417 4216 480 4271 fest.
518 4216 574 4268 Der
663 4216 711 4270 69.
750 4222 774 4269 3.
808 4216 951 4285 probibere
973 4215 1026 4270 mit
1044 4216 1141 4269 Aecus.
1162 4230 1185 4266 e.

119 4287 296 4340 memimeate's
318 4286 372 4339 wie
401 4291 430 4353 2,
456 4292 488 4340 14
517 4301 573 4339 eor·
627 4286 716 4352 infin,
740 4287 793 4341 wie
817 4294 846 4355 4,
866 4292 908 4341 37.
936 4285 1000 4341 hist.
1021 4292 1049 4352 1,
1069 4291 1103 4338 62
1129 4284 1187 4338 und

98 4357 152 4410 und
169 4357 255 4411 echon
273 4357 318 4411 bei
339 4356 442 4412 Cicero.
491 4409 498 4422 N
627 4357 673 4411 bei
692 4358 863 4413 Klassikern.
901 4357 971 4411 Einl.
993 4361 1015 4421 §-
1036 4360 1077 4410 80.
