2722 4762
374 254 484 308 LIBER
501 253 575 309 XVI.
599 252 678 307 OAP.
699 259 811 307 10-13.
1115 244 1181 309 227

98 426 140 469 em
163 400 299 487 exitum,
325 407 363 467 ut
384 403 603 488 relinquerent
630 424 706 467 suos
730 403 920 486 superstites
944 406 977 466 et
998 403 1182 469 morituros.

98 494 207 577 vitque
231 492 376 557 ordinem
399 492 543 573 fortuna,
568 514 606 555 ac
625 492 767 555 seniores
781 492 887 574 prius,
909 494 979 555 tum
1002 491 1055 556 cui
1077 492 1182 576 prima

119 582 360 667 extinguuntur.
405 581 547 646 accusati
574 585 650 663 post
672 581 871 663 sepulturam
895 579 1122 664 decretumque
1145 584 1183 645 ut

118 671 277 735 maiorum
299 670 500 753 punirentur.
549 672 581 732 et
602 668 691 734 Nero
718 669 915 757 intercessit,
946 672 1085 732 mortem
1114 670 1182 733 sine
1202 688 1237 737 15

98 781 129 823 ro
153 759 353 842 permittens.
403 780 441 822 ea
463 758 614 822 caedibus
637 757 778 840 peractis
796 757 936 821 ludibria
955 757 1182 822 adiciebantur.

98 847 132 911 P.
157 846 268 911 Gallus
293 868 389 931 eques
412 846 592 929 Romanus,
624 846 709 930 quod
731 845 852 909 Faenio
876 845 960 909 Rufo
987 846 1123 910 intimus
1152 850 1184 910 et
1195 846 1237 909 12

98 936 119 999 ri
142 958 211 1000 non
234 936 356 999 alienus
381 935 497 1016 fuerat,
522 957 605 1018 aqua
628 938 724 1019 atque
747 936 815 1019 igni
837 934 1020 1017 prohibitus
1044 937 1101 998 est.
1145 935 1184 998 li-

98 1064 99 1072 .
133 1028 165 1087 et
199 1026 379 1088 accusatori
411 1023 589 1108 praemium
617 1044 732 1106 operae
759 1024 849 1088 locus
883 1024 919 1086 in
945 1023 1072 1087 theatro
1099 1023 1184 1087 inter

98 1104 150 1176 ies
173 1113 362 1177 tribunicios
387 1113 490 1176 datur.
540 1116 573 1176 et
596 1114 715 1176 mensis
739 1113 794 1196 qui
816 1111 962 1195 Aprilem
985 1111 1183 1196 eundemque

98 1222 193 1264 neum
216 1202 421 1286 sequebatur,
449 1200 554 1264 Maius
578 1199 715 1283 Claudii,
742 1200 855 1265 Iunius
878 1198 1060 1265 Germanici
1089 1219 1218 1269 voca-5

119 1293 298 1373 mutantur,
330 1290 523 1354 testificante
547 1287 696 1354 Gornelio
720 1288 836 1371 Orfito,
869 1290 924 1373 qui
951 1290 985 1352 id
1008 1292 1185 1371 censuerat,

104 1377 234 1441 Iunium
257 1400 402 1443 mensem
425 1379 666 1463 transmissum,
690 1378 765 1461 quia
789 1378 851 1442 duo
874 1380 940 1442 iam
962 1377 1117 1462 Torquati
1141 1378 1183 1442 ob

98 1489 128 1529 :a
149 1466 311 1530 interfecti
334 1468 513 1531 infaustum
535 1489 656 1531 nomen
678 1467 809 1531 Iunium
832 1466 992 1531 fecissent.

98 1555 160 1619 Tot
182 1555 379 1620 facinoribus
402 1556 532 1619 foedum
556 1577 677 1620 annum
701 1556 799 1619 etiam
822 1555 854 1618 di
877 1555 1125 1638 tempestatibus
1149 1558 1182 1619 et
1192 1555 1234 1619 13

98 1645 131 1707 is
154 1644 357 1727 insignivere.
403 1648 531 1708 vastata
555 1643 733 1727 Campania
759 1645 888 1707 turbine
911 1647 1095 1725 ventorum,
1128 1644 1183 1727 qui

98 1756 101 1793 ι
127 1732 258 1796 arbusta
281 1732 391 1816 fruges
414 1733 536 1816 passim
566 1733 692 1797 disiecit
713 1733 908 1817 pertulitque
931 1731 1119 1796 violentiam
1143 1732 1183 1795 ad

98 1843 116 1884 a
143 1821 229 1903 urbi3
262 1821 297 1884 in
330 1844 393 1905 qua
426 1843 521 1885 omne
553 1822 740 1886 mortalium
773 1843 875 1906 genus
903 1821 952 1884 vis
981 1820 1184 1904 pestilentiae

98 1910 280 1993 palabatur,
313 1911 403 1974 nulla
430 1910 510 1975 caeli
536 1911 741 1994 intemperie,
764 1932 845 1995 quae
868 1912 1048 1974 occurreret
1075 1908 1219 1979 oculisc

98 1998 203 2062 lomus
228 1999 414 2081 corporibus
439 2000 610 2083 exanimis,
642 1999 758 2063 itinera
789 1998 955 2062 funeribus
979 1997 1183 2081 compleban-

98 2108 164 2149 non
188 2108 298 2171 sexus,
325 2109 394 2152 non
418 2091 506 2152 aetas
530 2088 671 2170 periculo
694 2110 809 2170 vacua3
842 2087 973 2151 servitia
995 2085 1128 2170 perinde
1152 2090 1185 2149 et

98 2197 150 2238 rua
172 2176 282 2258 plebes
305 2177 424 2259 raptim
448 2177 608 2260 extingui,
640 2178 725 2240 inter
757 2177 931 2260 coniugum
955 2178 987 2239 et
1008 2175 1183 2239 liberorum

98 2266 162 2341 ota,
198 2264 253 2347 qui
280 2264 357 2327 dum
386 2265 548 2348 adsident,
580 2265 657 2328 dum
681 2264 817 2349 defient,
850 2286 944 2348 saepe
968 2264 1079 2351 eodem
1102 2283 1183 2347 rogo

98 2352 243 2416 abantur.
289 2353 434 2437 equitum
463 2357 711 2438 senatorumque
735 2354 900 2437 interitus,
933 2352 1078 2437 quamvis
1108 2374 1237 2435 pro-10

98 2441 119 2523 i,
155 2441 263 2504 minus
294 2441 417 2505 flebiles
451 2445 558 2525 erant,
589 2445 757 2527 tamquam
790 2442 953 2506 communi
985 2441 1184 2506 mortalitate

98 2529 175 2592 tiam
198 2530 354 2612 principis
377 2531 609 2614 praevenirent.

98 2616 220 2681 Eodem
237 2640 323 2681 anno
339 2619 474 2682 dilectus
488 2640 545 2702 per
559 2618 698 2682 Galliam
711 2617 958 2682 Narbonensem
972 2616 1181 2701 Africamque

98 2706 176 2770 siam
197 2706 303 2770 habiti
322 2710 400 2770 sunt
419 2708 606 2790 supplendis
625 2707 764 2790 Illyricis
782 2706 981 2790 legionibus,
1005 2727 1043 2768 ex
1066 2706 1183 2789 quibus

110 2967 182 3004 suos.
223 2950 310 3004 Nicht
333 2951 378 3004 die
397 2950 503 3004 Kinder
522 2950 572 3004 der
625 2950 767 3004 Cornelius
787 2949 889 3004 Orfitus
907 2967 966 3004 war
983 2950 1023 3002 im
1036 2950 1062 3003 J.
1077 2956 1111 3004 51
1130 2950 1183 3004 mit

98 3023 132 3075 ta
150 3022 212 3075 sind
231 3021 368 3090 gemeint,
395 3022 512 3075 sondern
528 3021 570 3090 je·
623 3021 722 3075 Kaiser
741 3020 872 3074 Claudius
892 3021 994 3075 Consul
1011 3038 1149 3090 gewesen.

98 3092 138 3145 ler
166 3091 225 3145 drei
245 3091 418 3146 Sterbenden
443 3092 571 3145 wtinscht
660 3098 684 3145 t.
703 3093 894 3146 transmissum
922 3093 992 3146 statt
1019 3093 1183 3145 omnesne

98 3182 101 3214 ι
128 3182 162 3216 zu
181 3163 271 3217 enden
296 3163 354 3216 und
377 3180 406 3216 so
432 3163 478 3216 die
502 3163 570 3216 zwei
622 3164 719 3229 fastis,
747 3163 797 3216 der
820 3162 911 3216 Name
943 3163 983 3216 sei
1014 3162 1182 3232 geetrichen,

98 3253 115 3287 n
138 3253 173 3287 zu
195 3233 392 3302 hinterlassen,
421 3234 466 3287 die
495 3234 570 3286 dann
623 3234 692 3287 solle
701 3233 782 3287 nicht
794 3234 874 3287 mehr
888 3234 1045 3304 gebraucht
1057 3234 1181 3288 werden.

98 3305 120 3357 :h
150 3304 223 3359 auch
250 3305 362 3359 sterben
389 3305 490 3371 sollen,
522 3322 569 3357 um
660 3303 709 3360 13.
728 3309 752 3359 5.
790 3305 859 3359 caeti
876 3306 1046 3373 intemperies
1065 3306 1121 3359 erst
1134 3304 1181 3359 bei

98 3376 136 3429 ch
151 3376 201 3429 der
214 3374 569 3446 schimpflichenllinrich-
625 3374 732 3443 Livius,
752 3376 928 3443 intemperiae
945 3375 992 3429 bei
1012 3375 1089 3430 Cato.

100 3465 133 3499 zu
152 3447 300 3515 entgehen.
660 3451 683 3500 t.
699 3447 817 3513 perinde
835 3452 873 3512 et,
903 3446 956 3500 wie
980 3452 1007 3515 2,
1027 3453 1043 3500 2
1066 3447 1184 3514 perinde

109 3550 183 3588 more
201 3536 335 3588 maiorum
377 3534 465 3588 durch
489 3533 570 3587 Sffiu.
623 3517 717 3570 odium
730 3519 830 3585 pratilis
848 3523 873 3571 dl
890 3518 1015 3570 imm&
1035 3516 1099 3570 hist.
1110 3522 1136 3584 4,
1147 3523 1181 3570 43

107 3605 166 3659 und
179 3576 390 3674 Enffiaupqu'ng·
403 3635 436 3644 ..
450 3606 509 3659 εἰπε
524 3621 569 3657 ar.
618 3588 736 3655 perinde
754 3589 827 3641 dir-ee
856 3593 881 3640 et
905 3588 1058 3655 eloquentia
1080 3588 1181 3640 clarae.

132 3675 170 3729 Er
197 3676 293 3729 wollte
316 3676 402 3730 ihnen
429 3677 488 3729 also
516 3675 570 3729 den
624 3657 707 3712 SOffll
724 3658 771 3712 bei
789 3659 855 3712 Tac·
874 3657 928 3711 mil
945 3662 1104 3739 wratiss&
1123 3674 1181 3726 ΨΘ·

98 3746 192 3816 ‚lligen
206 3746 267 3800 Tod
282 3747 407 3814 (liberam
420 3748 569 3801 inertiscr·
649 3734 702 3809 ,ῙῙ·
730 3735 868 3797 laminam
896 3726 955 3797 „da
981 3744 1021 3809 εἶθ
1044 3730 1107 3796 Ja“.
1152 3727 1180 3781 S.

98 3820 134 3886 m)
154 3818 312 3886 geuthren.
623 3798 696 3852 Eml·
715 3805 738 3864 ὅ.
754 3805 796 3853 95.
812 3830 846 3838 -
865 3814 1000 3852 eornninne
1020 3799 1113 3867 „allen
1131 3816 1180 3869 ge-

622 3870 773 3937 meinsam,
791 3869 998 3940 gewthnlich“.

184 3996 188 4004 ,
474 3994 478 4005 ,
659 3948 700 3995 12.
714 3942 876 4008 praevenire
898 3938 951 3994 mit
975 3940 1039 3994 dem
1064 3938 1183 3995 Accusar

112 4000 137 4048 2·
167 3995 262 4047 lberto
280 3999 305 4046 n
323 4000 486 4075 aversator·
508 3993 568 4074 Nur
621 4010 663 4065 nv
681 4012 769 4065 findet
783 4011 844 4065 sich
858 4012 914 4065 ern
928 4010 1095 4066 sisennius.
1114 4012 1179 4081 νει.

98 4066 188 4145 mlius,
212 4067 338 4133 (GP-1⁰)
370 4066 408 4118 lsl
435 4066 568 4134 gemant,
623 4088 665 4150 14,
681 4089 696 4136 7
715 4084 773 4136 nisi
786 4083 995 4150 praeveniretur
1009 4083 1179 4151 Aprippino.

104 4135 269 4189 Demfflmffl·
661 4159 702 4206 14.
722 4153 857 4222 Illyricis.
895 4153 936 4206 Zu
948 4152 1063 4222 Illyrien
1081 4152 1180 4221 gehtr-

98 4228 238 4279 nntantnr
262 4225 332 4277 statt
349 4229 485 4289 rnntatnr,
514 4223 568 4277 wie
620 4227 669 4278 ten
692 4223 745 4277 seit
763 4223 906 4294 Augustus
929 4225 1000 4279 auch
1020 4220 1181 4277 Dalmatien

117 4296 188 4348 alter
201 4325 237 4334 —
251 4296 320 4348 citer
339 4300 505 4363 acceperant.
527 4302 567 4362 12,
621 4294 679 4347 und
697 4294 743 4348 die
761 4295 916 4350 Provinzen
941 4313 977 4349 an
995 4294 1044 4348 der
1061 4294 1177 4346 unteren

98 4367 178 4421 receti
195 4370 268 4419 stent.
296 4366 361 4434 Vgl.
380 4384 413 4419 zu
433 4372 457 4434 3,
477 4372 519 4420 62.
535 4396 568 4404 -
622 4365 729 4420 Donau.
1147 4394 1152 4403 ·

915 4455 969 4507 15*
