2722 4762
256 181 326 237 Das
346 179 616 237 TAOITEISCHEN
635 179 1004 239 SPRAGHGBRAUCHES.
1177 183 1220 248 15

133 345 179 410 In
202 346 508 427 consecutivum,
539 344 597 409 das
624 343 777 410 Resultat
807 345 883 410 oder
911 342 966 409 die
994 344 1134 412 Absioht
1163 370 1219 412 an-

87 434 185 499 bend:
213 435 248 498 in
271 435 375 498 maius
397 433 544 518 vulgare,
568 433 685 515 audiri,
708 432 834 518 crediti,
861 434 1079 519 innotescere3
1102 436 1138 500 in
1159 437 1222 501 fal-

88 545 118 586 m
140 524 265 608 augeri,
291 523 327 587 in
350 522 489 587 deterius
513 541 640 605 augere,
662 521 790 603 referre,
814 521 927 587 audiri.
972 523 1007 586 in
1031 546 1122 607 spem
1144 526 1222 608 „auf

88 611 290 696 3H0ffnung
316 612 402 695 hin“,
430 612 466 675 in
495 611 652 675 incertum
683 615 716 678 et
744 611 947 695 ambignum,
976 612 1012 676 in
1042 614 1222 681 saevitiam.

88 701 148 766 icta
170 702 206 765 in
223 701 373 765 lacrimas
398 722 470 765 ann.
490 700 518 781 l,
542 698 593 764 57.
638 699 769 764 vulnere
792 699 829 763 in
850 704 988 764 mortem
1012 701 1149 785 afficere,
1171 702 1220 768 af·

88 810 165 874 gere.
191 825 231 835 —
256 788 316 877 Boi
338 788 466 854 keinem
487 787 661 852 Prosaiker
684 810 720 853 so
743 787 862 873 hsufig.
895 787 1030 853 Sallust:
1054 790 1087 854 in
1105 792 1222 876 maius,

103 878 258 943 deterius.

132 987 163 1065 ξ.
188 984 241 1049 50.
281 984 382 1066 Apud>
400 987 483 1049 stati
505 984 539 1047 in
562 1004 588 1048 o.
612 982 754 1047 ablativo
782 981 866 1046 fehlt
892 983 977 1048 noch
1000 984 1034 1047 in
1058 984 1120 1049 den
1141 986 1221 1051 klei-

88 1095 146 1139 ren
171 1071 351 1156 Schriften,
379 1073 464 1137 dann
488 1072 576 1136 steht
603 1093 637 1135 es
660 1071 745 1135 bfter
767 1071 819 1135 bei
842 1070 982 1136 Lander-
1005 1073 1071 1137 und
1094 1072 1221 1139 Stadia-

88 1184 174 1247 men,
199 1162 283 1226 nach
304 1161 465 1247 Analogia
484 1160 540 1225 der
553 1160 803 1243 Vitlkeruamem
826 1182 851 1224 z.
865 1159 902 1224 Β.
927 1162 1050 1245 ann.,4‚
1072 1164 1111 1228 18
1135 1165 1220 1248 apud

88 1252 264 1316 umaniam.
301 1250 370 1316 Vor
392 1250 601 1315 Inselnamen
618 1249 686 1313 und
699 1248 930 1333 Appellativen
952 1249 1077 1316 kommt
1100 1273 1134 1316 es
1154 1258 1223 1318 erst

101 1339 166 1405 den
189 1340 342 1404 Annalen
364 1362 437 1424 vor,
461 1339 537 1404 wie:
567 1338 653 1422 apud
676 1339 789 1403 urbem
812 1336 945 1420 Nolam,
976 1339 1062 1422 apud
1084 1342 1219 1406 munici-

88 1448 146 1514 am,
177 1429 265 1512 apud
294 1429 436 1512 paludes.
471 1428 541 1493 uls
565 1425 744 1492 Saltenheit
772 1426 872 1490 schon
901 1427 953 1490 bei
978 1423 1105 1493 Cicero:
1133 1431 1220 1513 apud

88 1517 163 1603 dam,
187 1518 255 1582 und
278 1539 337 1581 vor
358 1517 428 1581 ihm
450 1517 503 1581 bei
525 1516 661 1580 Plautus
683 1516 749 1580 und
771 1514 903 1579 Terenz.

88 1684 90 1689 .
133 1627 163 1704 ξ.
189 1624 243 1688 51.
287 1622 376 1686 Inter
399 1625 481 1687 stati
504 1622 593 1686 eines
616 1620 726 1686 Ablat.
754 1621 934 1686 absolutus:
962 1621 1040 1707 Agr.
1063 1624 1106 1687 32
1134 1624 1223 1689 inter

114 1734 130 1776 e
152 1715 307 1796 parentes
331 1714 386 1776 ott.
409 1711 486 1775 hist.
512 1713 539 1793 1,
565 1712 581 1775 1
606 1710 654 1775 ita
675 1710 799 1775 neutris
819 1731 895 1774 cura
913 1712 1115 1794 posteritatis
1133 1711 1223 1778 inter

153 1823 191 1867 os
215 1801 268 1865 vel
292 1800 448 1886 obnoxios
473 1797 582 1884 (stetit
609 1820 681 1863 cum
710 1799 765 1863 alii
793 1798 914 1863 infensi
937 1799 994 1863 alii
1017 1801 1149 1865 obnoxii
1172 1824 1222 1866 es-

120 1889 141 1974 ).
180 1892 209 1974 1,
234 1889 277 1954 34
299 1889 386 1953 inter
408 1889 586 1972 gaudentes
614 1891 647 1952 et
667 1887 857 1952 incuriosos.
890 1887 943 1952 50.
967 1888 1010 1952 80
1038 1889 1108 1953 visa
1135 1891 1224 1956 inter

116 1979 242 2061 ulentos
266 1999 364 2043 arma.
395 1977 427 2062 2,
450 1977 493 2042 92
516 1978 600 2041 inter
623 1976 795 2042 discordes.

134 2089 162 2166 ξ.
186 2086 240 2150 52.
273 2083 365 2150 Circo
387 2085 450 2167 „im
468 2082 622 2148 Beueff‘:
646 2083 731 2148 circa
755 2083 992 2148 affectationem
1008 2083 1220 2150 Germanicae

88 2173 183 2263 p'ginis
203 2173 291 2238 ultro
310 2173 477 2238 ambitiosi
496 2176 582 2237 sunt.
618 2194 712 2236 omne
731 2176 859 2255 tempus
881 2173 966 2237 circa
978 2171 1125 2238 Medeam
1144 2196 1220 2239 con·

88 2268 163 2345 inas.
212 2261 256 2327 So
280 2262 378 2345 bftcr3
406 2262 483 2327 aber
511 2261 694 2345 uberhaupt
721 2264 789 2325 erst
816 2261 862 2324 im
887 2262 1046 2326 silbernen
1069 2261 1225 2327 Zeitalter

88 2351 207 2523 gron
237 2351 279 2414 da
309 2351 349 2414 ab
380 2371 464 2435 ganz
495 2349 706 2434 gewbhnlich.
752 2348 841 2415 Citra
867 2350 989 2434 ,‚ohne“
1018 2373 1079 2415 nur
1101 2352 1136 2415 in
1158 2351 1222 2416 den

105 2440 304 2505 ‘kleineren
327 2437 503 2523 Schriften3
527 2438 589 2503 seit
612 2437 704 2503 Ovid.

88 2564 94 2615 ι
131 2549 160 2628 ἕ.
186 2547 242 2612 53.
287 2546 350 2610 Per
377 2546 412 2610 in
443 2546 517 2610 sehr
545 2544 786 2610 verschiedener
809 2530 1018 2630 Bedeutung:
1050 2567 1107 2628 per
1136 2546 1220 2610 iram

125 2634 244 2720 Zom“,
267 2657 325 2718 per
346 2635 522 2718 silentium,
543 2656 601 2718 per
617 2634 796 2718 intervalla,
818 2655 876 2717 per
889 2635 1033 2699 lamenta
1047 2656 1085 2698 ac
1098 2656 1220 2700 maero-

97 2731 100 2735 '
153 2725 242 2789 acies
266 2746 323 2807 per
346 2745 464 2789 cuneos
488 2723 700 2806 componitur.
732 2723 917 2787 consistunt
939 2745 998 2806 per
1020 2723 1169 2787 cohortes
1189 2727 1221 2788 et

121 2814 242 2899 'pulos
270 2834 328 2896 per
353 2816 507 2877 catervas.
542 2812 605 2875 Per
617 2810 753 2876 nimiam
768 2811 918 2876 fiduciam
934 2809 1033 2898 (‚,aus,
1052 2811 1221 2898 zufolge“).
1264 2883 1266 2888 ,
1302 2844 1306 2854 ·

121 2902 267 2987 speciem
283 2901 444 2965 amicitiae
458 2898 606 2986 (‚,unter
624 2900 697 2965 dem
712 2898 888 2985 Schoino“).
918 2922 976 2983 per
993 2921 1113 2964 nomen
1128 2922 1223 2985 agro·

119 3043 127 3076 ,
158 3013 221 3076 per
251 3011 371 3054 nomen
405 2989 561 3054 obsidum.
607 2987 696 3053 Ganz
725 2989 974 3074 ungewbhnlioh
1003 2988 1048 3052 ist
1076 2988 1154 3073 Agr.
1177 2990 1221 3054 40
1248 3063 1252 3070 ⁸

141 3103 180 3146 os
205 3080 295 3144 viros
318 3101 376 3162 per
401 3078 614 3144 ambitionem
636 3077 808 3142 aestimare
826 3075 923 3161 (statt
941 3098 978 3142 ea
996 3077 1074 3142 oder
1086 3074 1224 3163 Abla).

98 3238 104 3259 ,.
130 3191 159 3270 ξ.
183 3186 240 3251 54.
286 3185 366 3250 Sub:
390 3185 449 3249 sub
473 3185 576 3249 iudice
594 3184 755 3248 damnare.
783 3183 842 3248 sub
862 3183 1004 3248 custode.
1042 3184 1138 3248 certis
1159 3184 1218 3248 sub

170 3325 179 3341 .
222 3273 285 3338 sub
312 3274 497 3338 nominibus
521 3274 679 3339 honestis.
725 3273 785 3337 sub
812 3273 945 3336 nomine
971 3270 1122 3338 Neronis.
1158 3273 1222 3337 sub

178 3363 318 3429 crimine
341 3363 470 3427 vincire.
509 3362 568 3426 sub
592 3363 738 3445 exemplo
761 3367 874 3446 „unter
896 3361 1107 3446 Vorhaltung
1129 3361 1218 3426 eines

140 3452 232 3519 iels“.
279 3452 365 3517 claro
389 3452 449 3516 sub
474 3451 629 3534 exemplo.

130 3546 159 3624 ἓ.
186 3540 243 3607 55.
288 3539 401 3623 Super:

132 3630 164 3718 a)
191 3632 277 3696 stati
293 3635 431 3710 praeter:
455 3650 550 3712 super
568 3629 729 3708 virtutem,
754 3649 850 3712 super
868 3628 1003 3692 insitam
1025 3628 1225 3711 violentiam,

133 3722 231 3802 diter,
256 3719 316 3782 wie
340 3718 422 3782 auch
445 3718 499 3782 bei
521 3717 642 3782 Livius.

132 3808 165 3895 b)
190 3809 277 3873 statt
299 3809 347 3872 de:
376 3829 472 3891 super
494 3829 528 3871 re
552 3806 704 3888 scribere,
732 3806 929 3888 consultare,
957 3804 1086 3870 credere
1118 3802 1226 3890 (,‚eine

132 3918 147 3962 e
174 3894 400 3981 betreffend“).
443 3894 504 3959 Bei
536 3895 726 3959 Klassihorn
761 3894 834 3958 sehr
867 3894 982 3971 selten,
1014 3894 1066 3958 bei
1099 3891 1223 3959 Caesar

154 3987 186 4070 d3
211 3986 327 4068 hiiufig
349 3985 402 4048 bei
426 3983 593 4066 Spiteren.

138 4077 161 4156 ᾖ.
181 4075 237 4141 56.
284 4074 338 4139 Ea
355 4072 541 4137 bezeichnet
562 4072 625 4137 den
642 4072 824 4156 Ursprung,
847 4072 897 4136 die
918 4070 1074 4153 Ursache,
1098 4071 1148 4135 die
1162 4094 1220 4136 un-

88 4190 90 4248 2
174 4243 180 4254 .
208 4185 226 4228 e
256 4161 417 4247 Zeitfolge
445 4159 498 4247 (ex
520 4159 661 4246 mensa),
691 4161 742 4225 die
766 4159 938 4225 Modalicac
967 4161 1022 4224 der
1044 4159 1227 4246 Handlung

153 4274 187 4318 ox
220 4274 258 4317 re
292 4252 457 4316 consulere
487 4252 534 4335 „je
565 4251 650 4315 nach
680 4250 742 4315 den
763 4248 967 4315 Umstiinden
998 4250 1111 4314 seinen
1138 4249 1224 4314 Ent-

199 4341 342 4424 fassen“‚
374 4362 412 4405 ex
440 4341 535 4405 modo
563 4340 698 4404 alicuius
725 4339 785 4422 rei3
802 4339 943 4403 ·endlich
967 4339 1054 4403 steht
1078 4359 1112 4402 es
1136 4339 1220 4403 auch
