2722 4762
358 223 468 279 LIBER¹
486 226 558 279 xli-⁷.
588 224 666 279 CAP.
687 232 800 279 ar-aa.
1097 220 1160 284 139

106 372 324 457 fovebantque
346 374 455 458 multi,
483 376 599 459 quibus
627 396 713 438 nova
740 378 771 438 et
800 374 954 457 ancipitia
976 378 1160 457 praecolere

113 465 145 525 et
176 462 365 545 plerumque
397 462 497 528 fallax
529 463 663 527 ambitio
696 466 753 526 est.
799 484 875 548 ergo
912 468 1077 545 permotus
1109 466 1160 529 his

106 550 272 633 componit
304 550 344 614 ad
372 549 526 616 Plautum
557 552 695 633 litteras,
726 551 908 615 consuleret
939 552 1039 634 quieti
1070 555 1160 619 urbis

106 661 207 721 prava
231 637 471 703 diffamantibus
491 640 707 704 subtraheret:
732 662 802 703 esse
820 640 868 703 illi
886 661 944 721 per
962 639 1076 704 Asiam
1096 644 1160 705 avi-
1180 659 1213 707 15

98 748 170 809 roe,
198 727 232 789 in
259 727 374 810 quibus
402 733 473 793 tuta
501 732 534 792 et
560 729 725 792 inturbida
747 729 879 792 iuventa
901 728 1068 793 frueretur.
1114 732 1160 795 ita

98 838 158 879 :um
182 816 318 899 coniuge
340 815 484 882 Antistia
508 821 540 880 et
562 818 672 900 paucis
696 816 903 880 familiarium
926 819 1093 882 concessit.

98 905 181 967 edem
205 903 316 967 diebus
339 905 439 969 nimia
462 907 555 969 luxus
584 906 699 989 cupido
727 905 896 969 infamiam
923 908 955 967 et
981 907 1159 989 periculum

98 993 218 1075 itulit,
247 993 323 1075 quia
351 994 474 1058 fontem
502 1017 604 1078 aquae
631 993 771 1057 Marciae
800 994 841 1057 ad
869 993 982 1057 urbem
1005 993 1158 1060 deductae

124 1081 312 1165 incesserat,
346 1083 577 1167 videbaturque
607 1086 703 1167 potus
734 1105 841 1146 sacros
871 1086 902 1144 et
929 1082 1159 1148 caerimoniam
1178 1101 1212 1148 20

98 1191 210 1252 erpere
238 1170 304 1233 loto
332 1172 495 1253 polluisse.
542 1174 714 1254 secutaque
745 1192 861 1253 anceps
894 1171 1044 1235 valetudo
1075 1173 1159 1237 iram

106 1259 297 1322 adfirmavit.

98 1352 121 1409 „t
145 1344 285 1410 Corbulo
309 1353 385 1429 post
408 1349 512 1412 deleta
534 1350 693 1412 Artaxata
716 1348 870 1411 utendum
893 1348 1014 1411 recenti
1036 1352 1159 1414 terrore
1169 1345 1212 1409 23

98 1436 135 1499 ad
155 1437 340 1518 occupanda
353 1436 597 1521 Tigranocerta,
621 1438 736 1521 quibus
752 1437 866 1501 excisis
881 1441 1003 1500 metum
1017 1437 1159 1502 hostiurn

99 1528 168 1587 eret
190 1524 253 1605 vel,
278 1525 303 1587 si
328 1526 537 1608 pepercisset,
566 1525 753 1589 clementiae
777 1526 897 1589 famam
921 1526 1160 1609 adipisceretur,

98 1612 208 1696 pergit,
240 1635 306 1676 non
338 1614 465 1678 infenso
493 1615 646 1696 exercitu,
678 1636 718 1677 ne
747 1636 836 1696 spem
867 1614 979 1677 veniae
1010 1615 1158 1695 auferret,

111 1706 221 1764 tamen
243 1702 378 1765 remissa
402 1725 490 1786 cura,
514 1725 635 1787 gnarus
658 1703 786 1767 facilem
810 1706 937 1765 mutatu
956 1706 1098 1786 gentem,
1121 1710 1193 1766 uta

98 1813 118 1851 n
147 1790 187 1853 ad
215 1791 369 1872 pericula,
400 1792 447 1854 ita
473 1792 607 1855 infidam
631 1792 670 1855 ad
695 1792 887 1855 occasiones
933 1791 1075 1873 barbari,
1098 1813 1156 1873 pro

98 1879 287 1961 equisque,
316 1879 370 1942 alii
395 1902 504 1962 preces
528 1881 654 1961 offerre,
686 1879 814 1963 quidam
839 1879 982 1942 deserere
1008 1880 1098 1943 vicos
1126 1884 1158 1942 et

99 1990 117 2030 a
142 1967 278 2051 digredi,
310 1990 346 2030 ae
374 1968 461 2032 fuere
486 1970 539 2052 qui
564 1990 597 2032 se
621 1969 780 2050 speluncis
805 1972 837 2031 et
859 1967 1026 2031 carissima
1049 1989 1156 2031 secum

98 2060 148 2118 nt.
194 2055 293 2138 igitur
322 2056 385 2118 dux
408 2055 575 2120 Romanus
607 2057 741 2119 diversis
770 2057 906 2136 artibus,
938 2056 1158 2120 misericordia

101 2166 137 2206 us
158 2144 329 2225 supplices,
354 2145 517 2208 celeritate
537 2144 688 2208 adversus
708 2144 876 2227 profugos,
900 2143 1023 2207 inmitis
1042 2144 1082 2207 iis
1102 2145 1157 2228 qui
1177 2159 1210 2206 ro

98 2254 125 2294 ts
150 2232 347 2313 insederant,
372 2255 428 2296 ora
448 2238 480 2295 et
499 2233 602 2296 exitus
622 2254 774 2316 specuum
798 2232 970 2295 sarmentis
995 2232 1156 2315 virgultis-

98 2320 254 2401 ompletos
287 2321 355 2403 igni
386 2322 497 2384 exurit.
545 2324 640 2404 atque
671 2321 762 2384 illum
791 2321 871 2383 fines
904 2342 979 2384 suos
1009 2340 1158 2404 praegre-

98 2564 541 2633 rrdieBrachylogielatrccflbor
634 2574 675 2619 20.
704 2582 803 2618 saeros.
842 2565 878 2617 Es
896 2565 967 2618 wird
986 2564 1032 2618 ein
1049 2565 1157 2634 Heilig-

98 2641 119 2697 2,
139 2642 172 2688 36
192 2636 254 2703 orris
272 2637 325 2688 ille.
597 2637 678 2689 thum
707 2638 834 2703 (saarim)
863 2637 953 2689 neben
981 2636 1030 2688 der
1059 2634 1157 2699 Quelle

98 2707 233 2759 ¹raeeolcre
245 2706 380 2775 „vercilig
391 2706 542 2776 huldigen“
597 2724 725 2775 gewesen
744 2707 810 2760 sein.

105 2776 197 2857 dieser
224 2777 390 2845 Bedeutung
415 2773 464 2859 ἀπ,-
492 2776 542 2830 ἒῖ·
633 2802 675 2847 ⁶21.
704 2810 802 2861 anceps
819 2795 953 2847 ruletudo.
991 2793 1071 2847 Nach
1091 2794 1157 2847 Sue-

98 2851 173 2901 ffllssl·
194 2865 222 2901 0⁸
242 2849 359 2914 „VOshes
378 2849 542 2902 aUSblldffll‘'
596 2870 647 2919 ton
660 2865 699 2919 ist
713 2883 742 2918 er
756 2866 819 2917 sehr
833 2863 940 2933 kraftig
953 2864 1011 2916 und
1024 2865 1157 2918 wtthrend

101 2918 151 3003 elli:
169 2919 363 2999 Ssshmlielfellu.
598 2936 688 2990 geiner
710 2952 818 3005 ganzen
836 2934 996 3004 Regierllng
1022 2952 1074 2987 nul·
1097 2935 1158 2990 drel

98 2991 236 3073 lrftompre
259 2992 312 3042 mit
330 2990 472 3043 verbalem
491 2992 543 3042 Ac·
597 3007 656 3061 Mal
683 3007 773 3061 krank
800 3022 943 3075 gwesen,
973 3007 1044 3059 ohne
1074 3006 1157 3061 dabei

116 3063 163 3141 lsi·
178 3080 226 3114 απ·
253 3059 302 3141 fle·
341 3060 423 3114 SOHSl
444 3060 496 3113 hal
514 3078 543 3114 ‘³⁸
597 3077 672 3132 seine
692 3076 883 3132 Lebenswcise
903 3095 936 3128 zu
954 3077 1066 3131 tndem.

98 3133 214 3184 nsrtrres
238 3130 338 3200 ObJect
361 3132 409 3184 der
432 3132 542 3192 Person,

119 3208 161 3255 49·
198 3202 294 3255 leffl'sl
311 3203 357 3256 bei
378 3201 457 3254 OVld·
477 3205 543 3256 mel·
633 3219 680 3273 23.
702 3227 726 3272 1.
741 3220 878 3272 Artaxata
893 3236 950 3272 war
963 3218 1004 3271 im
1018 3218 1043 3273 J.
1055 3225 1090 3273 58
1100 3236 1156 3273 zer-

119 3274 342 3341 diffaroatompue
363 3276 477 3340 percuti
501 3275 542 3326 e'o-
597 3292 669 3343 Stpft
686 3291 807 3344 wmden·

98 3343 167 3396 ¹211ss
185 3343 232 3397 ¹³01
251 3344 396 3413 Spllefffl·
634 3388 657 3431 -2,
679 3379 880 3448 Tigranocerta
894 3380 966 3449 nege
977 3379 1157 3432 audaeana

98 3414 472 3538 'llglgl'l’flilgstfr3V039T³⁴⁰ilea⁹
492 3433 543 3467 nur
598 3450 690 3503 daven
708 3449 814 3504 unweit
833 3451 881 3503 des
896 3450 996 3519 Tigris.

98 3529 100 3540 ,
140 3526 163 3538 -·
241 3522 316 3551 .·,·
348 3529 352 3538 ·

98 3556 204 3609 intistia
217 3556 343 3621 Pollitta,
359 3557 481 3609 Tochter
495 3557 543 3609 deb·
633 3554 657 3599 5.
678 3553 786 3600 tractatu
799 3566 851 3600 nur
864 3547 926 3600 hier
936 3546 993 3598 und
1002 3546 1066 3598 hist.
1078 3552 1103 3611 ¹2,
1114 3552 1156 3599 63.

98 3644 154 3680 tren
171 3627 306 3680 Antistius
320 3628 418 3692 Vetus,
438 3628 542 3680 wahlte
598 3617 680 3671 Sonst
698 3618 744 3671 bei
762 3618 874 3670 keinem
894 3616 1103 3671 Schriftsteller.

98 3704 129 3751 55
153 3698 236 3750 ¹¹⁰b⁸l
260 3698 350 3751 lhl'em
373 3697 461 3751 Vstles
489 3698 543 3750 <1⁰¹1
633 3721 657 3768 8.
686 3732 713 3767 sc
731 3720 755 3767 et
773 3715 916 3768 earmsima
934 3730 1030 3766 secura
1068 3712 1157 3767 Dafr'ir

98 3769 169 3835 ¹er
191 3787 237 3821 um
258 3769 306 3821 (1θῖ
324 3768 543 3838 vefflrlhellunss
596 3803 681 3854 sagea
701 3785 857 3838 Klassiker:
876 3800 903 3837 sc
921 3800 1030 3852 scopere.

98 3841 256 3963 ξξέῃῂξϋρᾖ
268 3840 545 3965 Ῑὲῗῃῆἶῂᾚξῃὲἃὲξῇ
633 3890 657 3935 9.
677 3883 791 3936 (liversis
805 3881 919 3935 artibus,
947 3881 1003 3934 Das
1013 3882 1156 3951 Folgende

99 3981 200 4034 Befphl
219 3981 358 4035 emordet
376 3999 441 4034 war·
597 3954 679 4023 zeigt,
695 3954 757 4006 dass
771 3952 830 4006 dies
845 3951 890 4004 cin
903 3951 998 4005 Ablat.
1010 3954 1156 4020 qualitatis

98 4069 182 4120 sorece
215 4052 361 4128 Murciae,
394 4052 454 4105 eine
487 4069 542 4105 veu
596 4024 642 4078 Μ·
672 4024 699 4077 S·
714 4024 787 4076 Einl·
801 4028 824 4087 ἓ·
840 4029 882 4077 38·

98 4122 156 4175 cius
175 4122 234 4175 Rex
252 4122 336 4175 inid.
358 4130 409 4175 144
428 4123 479 4176 auf
495 4122 542 4175 Se·
634 4128 675 4174 1‘2.
700 4122 848 4189 praepredi
876 4122 946 4174 statt
970 4121 1158 4189 praeterpredr'

98 4194 187 4247 chluss
211 4195 359 4263 angelegte
381 4193 542 4247 Wasserlei-
597 4211 648 4245 nur
667 4193 728 4245 hier
746 4192 803 4244 und
826 4191 872 4245 bei
892 4191 995 4244 Livius.
1035 4191 1070 4245 So
1095 4207 1156 4243 rer-

98 4264 129 4319 ie
149 4282 198 4318 aus
220 4265 269 4318 der
289 4264 403 4334 (legend
422 4282 477 4318 ron
496 4264 542 4317 'l'i-
596 4263 695 4317 bindct
714 4263 778 4316 Tac.
794 4280 865 4330 proc
886 4265 957 4317 statt
975 4267 1085 4329 practer
1103 4260 1157 4313 rnit

98 4355 126 4388 n.
596 4335 681 4400 ferre,
695 4336 839 4401 festiviore,
853 4336 948 4402 (lacere,
964 4333 1033 4397 lobi,
1046 4332 1115 4385 echi.
