2722 4762
163 173 227 238 182
478 174 652 231 CORNELII
671 174 795 229 TAOITI
812 172 1012 231 ANNALIUM

161 335 290 420 plebem
314 336 416 401 socios
440 357 541 420 regna
565 336 668 401 colere
692 340 725 401 et
747 337 810 402 coli
832 336 971 420 licitum3
999 336 1200 423 utquisque
1224 357 1245 419 o

162 424 258 489 domo
295 428 411 507 paratu
449 427 626 507 speciosus,
663 447 721 508 per
751 447 871 490 nomen
904 430 937 490 et
966 425 1136 490 clientelas
1167 425 1245 489 inlur

161 512 350 577 habebatur.
386 517 558 596 postquam
582 513 733 578 caedibus
764 515 923 579 saevitum
950 518 984 579 et
1010 513 1206 599 magnitudo
1232 513 1245 576 l

121 616 153 664 10
163 600 261 665 exitio
272 605 352 683 erat,
366 602 464 666 ceteri
478 602 519 665 ad
535 602 733 686 sapientiora
749 605 944 667 convertere.
977 602 1075 668 simul
1092 602 1172 668 novi
1191 601 1245 666 hor

164 690 390 773 emunicipiis
424 693 456 754 et
488 691 625 755 coloniis
659 694 755 774 atque
788 692 887 755 etiarn
918 690 1094 775 provinciis
1131 691 1167 755 in
1191 711 1245 755 sen

163 779 276 844 crebro
296 779 459 862 adsumpti
478 779 689 844 domesticam
706 779 942 863 parsimoniam
960 779 1152 862 intulerunt,
1175 783 1210 844 et
1228 801 1245 862 q

164 890 261 951 quarn
284 868 417 932 fortuna
440 867 492 931 vel
514 866 673 932 industria
701 868 844 951 plerique
873 869 1085 951 pecuniosam
1109 868 1151 932 ad
1174 889 1245 932 sene

163 958 383 1039 pervenirent,
406 956 527 1020 mansit
554 959 664 1020 tamen
695 956 784 1038 prior
807 956 943 1021 animus.
980 957 1037 1021 scd
1063 957 1245 1041 praecipuus

122 1045 269 1109 astricti
293 1045 392 1109 moris
416 1048 529 1109 auctor
548 1043 769 1128 Vespasianus
788 1045 858 1128 fuit,
881 1046 1015 1130 antiquo
1034 1046 1105 1130 ipse
1128 1046 1217 1110 cultu
1234 1067 1245 1107 ι

163 1155 233 1216 que.
275 1133 466 1215 obsequium
484 1132 558 1196 inde
581 1133 616 1196 in
634 1133 815 1217 principem
834 1136 867 1199 et
886 1133 1070 1199 aemulandi
1091 1154 1185 1198 amor
1204 1133 1245 1197 va]

164 1243 262 1304 quam
290 1242 395 1304 poena
423 1242 461 1284 ex
493 1220 620 1305 legibus
654 1225 687 1285 et
718 1225 832 1286 metus.
869 1222 935 1286 nisi
966 1221 1052 1286 forte
1084 1223 1183 1287 rebus
1215 1243 1245 1285 cu

163 1310 249 1374 inest
272 1309 403 1392 quidam
422 1309 511 1373 velut
530 1309 627 1392 orbis,
649 1313 687 1374 ut
709 1326 805 1394 quem
828 1310 870 1374 ad
891 1310 1024 1375 modum
1041 1313 1245 1397 temporum

163 1398 211 1462 ita
242 1418 369 1461 morum
400 1401 585 1482 vertantur3
609 1419 668 1463 nec
692 1399 801 1463 omnia
832 1398 920 1482 apud
950 1399 1074 1483 priores
1105 1399 1241 1463 meliora

119 1488 276 1550 aonostra
298 1506 424 1570 quoque
448 1490 537 1551 aetas
561 1486 664 1550 multa
687 1487 792 1551 laudis
816 1491 849 1552 et
872 1487 990 1551 artium
1018 1487 1178 1553 imitanda
1199 1508 1245 1571 por

163 1574 247 1638 tulit.
292 1596 403 1638 verum
439 1573 519 1639 haec
555 1575 648 1639 nobis
681 1577 717 1639 ia
748 1576 886 1640 maiores
918 1575 1098 1640 cemamina
1129 1596 1169 1639 ex
1200 1575 1245 1639 ho:

164 1666 327 1727 maneant.

111 1753 153 1818 56
255 1751 402 1816 Tiberius
426 1749 515 1816 fama
538 1751 769 1817 moderationis
791 1755 898 1835 parta,
928 1752 1015 1836 quod
1037 1752 1223 1838 ingruentis

164 1844 288 1906 satores
307 1844 513 1924 represserat,
536 1841 638 1904 mittit
663 1841 791 1905 litteras
810 1841 851 1904 ad
870 1845 1028 1925 senatum,
1049 1841 1122 1924 quis
1141 1842 1245 1924 potest

163 1929 370 1994 tribuniciam
411 1927 519 1992 Druso
562 1929 701 2012 petebat.
747 1928 782 1993 id
822 1929 940 1993 summi
980 1928 1108 2015 fastigii
1147 1929 1245 1994 vocab

164 2017 333 2102 Augustus
360 2017 516 2100 repperit,
543 2039 583 2082 ne
611 2018 696 2102 regis
721 2020 778 2081 aut
809 2017 977 2083 dictatoris
1008 2038 1130 2084 nomen
1158 2017 1245 2081 adsur

129 2123 203 2171 sac
239 2109 348 2170 tamen
385 2105 603 2188 appellatione
642 2106 750 2190 aliqua
792 2109 899 2171 cetera
937 2106 1075 2189 imperia
1114 2106 1245 2190 praemii

164 2193 310 2258 Marcum
333 2193 447 2256 deinde
466 2192 647 2278 Agrippam
671 2195 794 2260 socium
813 2196 881 2260 eius
900 2194 1083 2280 potestatis,
1106 2216 1171 2278 quo
1190 2193 1245 2258 defi

165 2281 330 2346 Tiberium
354 2279 518 2346 Neronem
543 2282 676 2367 delegit,
704 2304 746 2346 ne
770 2304 936 2348 successor
957 2283 993 2347 in
1014 2283 1139 2348 incerto
1162 2282 1245 2348 foret

165 2369 308 2435 cohiberi
330 2391 447 2453 pravas
468 2370 604 2435 aliorum
624 2393 698 2455 spes
717 2371 863 2454 rebatur3
882 2371 981 2437 simul
1003 2371 1182 2436 modestiae
1199 2369 1245 2436 Ne

164 2559 256 2616 weit“.
289 2561 354 2630 Vgl.
379 2560 435 2616 Cic.
460 2562 496 2615 ad
514 2563 574 2617 Att.
600 2569 722 2632 1,17‚9
813 2569 838 2616 4.
875 2562 1019 2631 Aayuotas
1050 2563 1131 2617 hatte
1165 2562 1239 2618 disse

165 2632 316 2700 cupiditate
341 2633 492 2702 prolapsos.
532 2633 592 2688 biv.
616 2640 665 2704 40,
688 2640 723 2688 23
777 2633 883 2688 Wfirde
901 2649 948 2688 am
966 2639 1010 2688 27.
1028 2632 1098 2688 Juni
1115 2639 1196 2690 23‘r.
1212 2633 1245 2688 Ob

165 2704 317 2771 cupiditate
334 2704 414 2773 repat
426 2705 585 2774 prolapsas.
778 2721 952 2774 genommen.

200 2780 225 2829 8.
258 2774 350 2829 Ueber
364 2780 471 2844 paratu
490 2793 511 2830 s.
530 2794 563 2829 zu
581 2793 624 2846 cp.
645 2782 687 2831 52.
813 2781 838 2828 ὅ.
858 2775 1031 2844 praeminere
1042 2775 1096 2829 mit
1110 2775 1176 2830 dam
1189 2777 1244 2830 Aac

200 2851 224 2899 9.
258 2846 393 2900 caedibus.
430 2847 544 2901 Tacitus
571 2847 660 2902 denkt
687 2864 724 2901 an
777 2845 816 2900 ist
833 2845 992 2900 Taciteisch
1009 2845 1068 2899 und
1091 2845 1181 2901 findet
1199 2844 1245 2901 sicl

165 2917 210 2971 die
229 2920 339 2986 spatere
358 2916 590 2988 Regianungszeit
608 2918 657 2973 des
676 2917 723 2972 Ti·
777 2914 808 2971 in
822 2917 877 2972 den
890 2915 1032 2970 Annalem
1052 2921 1094 2985 12,
1115 2923 1158 2971 12.
1178 2923 1245 2972 tat

163 2988 266 3056 bertus,
285 3005 321 3042 an
341 2987 483 3058 Caligula,
506 2989 556 3043 der
580 3007 630 3044 aus
648 2989 724 3044 Hab-
778 2987 836 3042 Das
855 2989 938 3042 Wort
962 2987 1072 3041 kommt
1096 2987 1196 3042 frdher
1217 3006 1245 3041 ιιι

165 3058 251 3113 sucht
269 3059 404 3129 mordete,
422 3059 479 3113 und
498 3078 535 3115 an
548 3060 603 3114 den
617 3060 724 3115 Thron-
778 3058 887 3113 Sallust
903 3075 955 3114 vor
970 3057 1029 3112 und
1041 3056 1165 3112 wird'im
1181 3057 1245 3128 Spat

163 3128 323 3198 folgekrieg
341 3146 397 3184 von
416 3136 449 3184 68
467 3130 511 3184 bis
531 3137 573 3185 70.
777 3129 912 3200 htufigcr.

201 3204 243 3252 14.
263 3200 411 3252 adoaldus
429 3203 601 3269 „sparsam“;
622 3201 652 3254 in
666 3201 723 3255 die·
814 3208 839 3255 6.
851 3198 1245 3269 SeinSchwiegerschnMAg

163 3284 210 3322 ser
232 3268 399 3338 Bedeutung
422 3288 475 3323 nur
493 3270 567 3340 hier,
594 3271 640 3325 bei
658 3268 723 3325 Pro·
779 3271 881 3326 erhielt
907 3270 952 3326 die
970 3269 1079 3325 Wfirde
1104 3269 1145 3325 im
1170 3269 1195 3325 J.
1222 3275 1245 3324 lt

165 3354 232 3407 perz
251 3339 308 3392 und
326 3338 428 3394 Justin.
778 3340 1036 3396 starb127.0hr.
1154 3378 1157 3383 »

200 3415 245 3463 21.
281 3410 314 3462 ia
339 3412 456 3464 maiores
485 3411 525 3480 (in
550 3411 600 3466 der
626 3412 724 3467 Hand·
814 3419 838 3466 7.
878 3412 1005 3467 Tiberius
1027 3411 1131 3466 belsam
1153 3410 1202 3468 die
1219 3417 1245 3467 tr

165 3479 265 3535 schrift
283 3479 356 3534 fehlt
373 3482 414 3550 ia)
439 3498 506 3551 mag
524 3481 651 3551 Tacitus,
675 3484 724 3539 der
778 3485 823 3537 cio
845 3488 968 3552 potestas
994 3481 1046 3536 aul
1067 3483 1098 3553 je
1125 3487 1143 3537 t
1167 3482 1245 3538 Jahn

163 3569 248 3621 sogar
275 3552 418 3606 dissimilis
444 3554 476 3606 a'a
504 3554 621 3621 aliquem
653 3557 724 3624 sagt,
779 3554 842 3609 Chr.
866 3554 924 3608 und
941 3559 959 3608 4
977 3572 1004 3608 n.
1024 3551 1098 3622 cha,
1120 3552 1199 3608 donn
1223 3571 1245 3608 ai

165 3623 347 3692 geschriebcn
374 3623 480 3689 haben3
515 3624 588 3677 doch
615 3623 652 3678 ist
678 3624 724 3680 die
778 3624 910 3680 bensaeit.
931 3654 965 3666 -
983 3623 1037 3679 Die
1054 3640 1112 3680 ron
1129 3623 1186 3679 den
1203 3623 1245 3678 Βὶι

164 3693 363 3749 Construction
382 3697 461 3749 sonat
478 3694 651 3749 unbekannt.
671 3696 726 3750 Zur
778 3694 923 3750 entlehntc
942 3693 1153 3766 Vemchiebung
1166 3694 1245 3751 deal

165 3765 325 3834 Erklarung
343 3766 422 3821 dient
434 3767 484 3820 der
498 3764 642 3833 Gedauke,
660 3766 724 3822 dass
777 3766 910 3844 verbums
935 3767 1032 3836 dcleyit
1056 3765 1087 3820 in
1109 3765 1165 3821 den
1186 3765 1245 3891 sulp

165 3833 212 3888 bei
232 3835 328 3903 jedem
346 3837 508 3892 Wettstrsit
526 3836 571 3892 ein
594 3837 726 3906 gewisser
780 3838 845 3893 Sata
864 3837 903 3892 ist
920 3838 985 3892 sehr
999 3835 1239 3905 auffallendfdoc

164 3904 243 3959 Grad
269 3922 324 3959 von
352 3908 523 3963 Animositat
549 3924 640 3978 gagen
669 3909 725 3962 den
778 3908 836 3964 lich
861 3914 908 3976 13,
935 3913 968 3963 15
995 3908 1084 3978 ipitur
1110 3909 1207 3969 murts
1232 3911 1245 3963 α’

165 3975 366 4031 Nebenbuhler
390 3979 561 4047 stattfindet,
584 3995 642 4032 was
665 3979 725 4034 also
779 3995 828 4035 aaa
845 3980 971 4034 rethom
989 3980 1137 4046 adlatura,
1153 3979 1245 4035 ubil

165 4046 227 4100 hier
245 4046 333 4100 durch
350 4048 383 4101 ia
400 4048 566 4104 bezeichnet
583 4054 666 4104 ware.
778 4051 841 4105 uico
863 4051 945 4104 insat
971 4054 1128 4119 casurum
1147 4050 1201 4106 aar.
1224 4051 1245 4105 h

201 4115 250 4171 56.
271 4121 295 4171 2.
315 4117 407 4171 Ueber
425 4119 471 4174 die
489 4120 658 4188 Bedeutung
676 4119 725 4176 dar
780 4126 814 4176 83
833 4137 918 4191 ocosse
930 4126 963 4176 ut
976 4121 1212 4188 &faurama
1221 4123 1245 4177 ir

165 4188 318 4242 tribunicia
334 4192 454 4255 potestus
476 4191 533 4244 und
552 4191 607 4246 den
625 4190 725 4246 Unter·
778 4209 834 4246 rem
860 4193 913 4247 mei
944 4192 1115 4247 occeaderem
1141 4220 1177 4233 -
1205 4194 1245 4248 scd

166 4258 262 4314 sehied
281 4258 426 4314 derselben
444 4276 500 4314 von
523 4261 587 4316 dem
610 4262 655 4316 ias
672 4264 722 4317 tri-
773 4264 969 4331 postulaturus
991 4280 1010 4318 α
1027 4262 1105 4318 uobis
1121 4264 1173 4318 ctt.
1206 4264 1245 4318 W

164 4330 308 4386 brmiciwa
326 4347 347 4385 s.
366 4348 400 4384 zu
418 4336 442 4399 1,
462 4337 486 4386 2.
778 4333 942 4402 gekfinstelt
956 4333 994 4388 ist
1008 4340 1113 4400 anno,
1127 4338 1163 4388 21
1180 4335 1245 4390 athi
