2722 4762
113 188 178 251 116
429 184 602 240 CORNELII
622 184 745 239 TACITI
763 184 962 241 ANNALIUM

112 351 189 434 quia
216 349 356 433 speciem
384 349 545 412 libertatis
568 347 644 413 Piso
676 351 899 432 praeceperat,
929 347 1014 412 nihil
1041 348 1123 413 satis
1152 348 1158 412 i

112 441 170 502 aut
192 459 230 503 ex
254 437 413 523 dignitate
437 438 549 520 populi
566 436 708 502 Romani
731 437 795 501 nisi
817 458 926 502 coram
949 440 983 501 et
1001 437 1061 502 sub
1086 439 1158 502 ocul

112 528 208 609 saris,
241 547 343 610 eoque
371 529 565 591 conventum
588 525 705 591 Italiae
733 529 766 589 et
789 525 959 590 adfluentis
987 526 1158 609 provincia

112 615 234 680 sentiae
258 621 326 678 eius
341 613 499 679 servanda
522 614 659 680 dicebat.
697 614 847 679 audiente
866 614 946 679 haec
964 614 1097 679 Tiberio
1117 636 1156 679 ac

68 721 101 770 10
113 704 241 789 magnis
264 704 425 786 utrimque
449 703 711 767 contentionibus
735 706 817 786 acta,
841 704 897 768 sed
920 724 971 767 res
995 703 1126 768 dilatae.

58 794 101 859 36
201 792 246 857 Et
269 795 432 856 certamen
457 791 550 856 Gallo
574 792 725 856 adversus
750 789 923 856 Caesarem
946 796 1096 857 exortum
1124 815 1158 856 es

111 881 235 948 censuit
256 882 291 945 in
314 882 569 965 quinquennium
587 882 837 966 magistratuum
856 881 988 947 comitia
1005 881 1158 946 habenda

110 971 276 1056 legionum
303 970 417 1054 legati,
445 969 501 1053 qui
528 972 603 1032 ante
630 973 815 1052 praeturam
843 991 881 1033 ea
908 965 1026 1034 militia
1057 970 1158 1055 iunge

110 1060 177 1124 iam
195 1063 266 1123 tum
284 1061 451 1142 praetores
470 1058 719 1141 destinarentur,
737 1059 888 1142 princeps
907 1057 1077 1123 duodecim
1096 1081 1158 1123 can

75 1148 145 1214 ain
168 1169 271 1211 annos
295 1147 439 1231 singulos
462 1147 654 1211 nominaret.
685 1147 773 1211 haud
800 1147 934 1211 dubium
962 1150 1033 1211 erat
1062 1168 1136 1211 earn

109 1237 192 1301 tiam
225 1236 321 1299 altius
354 1239 524 1319 penetrare
561 1239 593 1299 ct
624 1257 742 1300 arcana
772 1236 900 1319 imperii
934 1236 1095 1320 temptari.
1137 1235 1158 1300 'l

109 1327 232 1396 tamen,
255 1325 349 1408 qua'si
367 1327 539 1408 augeretur
561 1327 707 1408 potestas
731 1325 809 1407 eius,
832 1324 997 1388 disseruit:
1022 1345 1158 1409 graven

110 1413 194 1476 tioni
222 1434 299 1476 suae
331 1416 382 1477 tot
414 1413 545 1497 eligere,
568 1417 619 1478 tot
650 1413 787 1477 differre.
823 1413 877 1477 vix
908 1435 967 1496 per
999 1412 1149 1497 singulos

112 1501 305 1566 offensiones
337 1502 447 1584 vitari,
480 1502 626 1585 quamvis
658 1503 820 1585 repulsam
843 1501 1027 1585 propinqua
1051 1523 1158 1585 spese

68 1593 269 1674 loquantum
292 1589 358 1654 odii
380 1590 449 1655 fore
474 1590 514 1654 ab
538 1592 578 1655 iis
603 1590 657 1673 qui
685 1591 775 1654 ultra
798 1591 1055 1675 quinquennium
1073 1592 1158 1673 proi«

110 1679 195 1742 unde
222 1679 363 1762 prospici
390 1700 490 1762 posse
516 1701 598 1763 quae
628 1679 742 1763 cuique
768 1682 837 1743 tarn
864 1679 963 1764 longo
991 1681 1149 1762 temporis

110 1788 211 1853 mens,
234 1768 357 1852 domus,
380 1768 533 1834 fortuna?
567 1768 732 1852 superbire
755 1768 903 1833 homines
932 1768 1031 1832 etiam
1063 1790 1158 1833 annu:

110 1858 277 1940 gnatione:
311 1857 388 1942 quid
412 1857 440 1922 si
462 1856 620 1922 honorem
647 1878 706 1940 per
728 1857 985 1941 quinquennium
1017 1857 1158 1942 agitent⁴

110 1946 281 2029 quiplicari
304 1968 436 2029 prorsus
460 1947 680 2031 magistratus,
705 1945 848 2009 subverti
869 1945 968 2029 leges,
992 1967 1074 2030 quae
1099 1969 1159 2010 sua

67 2052 99 2100 15
111 2034 306 2099 exercendae
330 2034 573 2098 candidatorum
596 2034 775 2099 industriae
799 2034 1057 2118 quaerendisque
1076 2039 1135 2099 aut

110 2122 159 2186 dis
187 2122 365 2186 honoribus
395 2123 580 2207 statuerint,
614 2123 787 2187 favorabili
813 2124 848 2187 in
876 2123 1014 2207 speciem
1043 2125 1158 2188 oratio]

110 2210 238 2294 imperii
260 2211 373 2274 tenuit.

56 2301 98 2365 37
199 2297 384 2382 Censusque
408 2300 608 2382 quorundam
628 2303 814 2365 senatorum
837 2301 928 2364 iuvit.
951 2318 1015 2384 quo
1038 2302 1146 2385 magis

109 2386 172 2452 fuit
194 2387 280 2472 quod
302 2409 413 2472 preces
436 2387 538 2452 Marci
561 2387 703 2470 Hortali,
731 2388 850 2453 nobilis
874 2389 1014 2473 iuvenis,
1036 2389 1073 2452 in
1094 2412 1158 2472 pau

111 2475 285 2540 manifesta
308 2477 477 2560 superbius
502 2477 689 2560 accepisset.
716 2499 818 2561 nepos
847 2481 918 2541 erat
945 2477 1085 2542 oratoris
1108 2478 1158 2543 Hc

109 2565 247 2628 inlectus
280 2588 300 2628 a
328 2565 402 2629 divo
430 2566 580 2650 Augusto
608 2567 804 2630 liberalitate
836 2567 963 2631 deciens
996 2568 1139 2631 sestertii

74 2671 251 2737 aurorem,
275 2654 436 2737 suscipere
458 2655 593 2738 liberos,
616 2677 657 2718 ne
681 2655 860 2719 clarissima
883 2655 1006 2719 familia
1034 2656 1158 2741 extingi

109 2742 210 2828 igitur
233 2747 387 2828 quattuor
416 2744 492 2808 filiis
523 2747 598 2808 ante
626 2744 725 2807 limen
748 2744 854 2808 curiae
879 2743 1094 2828 adstantibus,
1118 2746 1158 2809 lo«

145 2942 170 2990 7.
193 2937 243 2990 aab
263 2939 361 3003 oeulis,
380 2937 433 2992 wie
452 2936 530 2992 Caes.
549 2937 576 2991 b.
597 2954 623 3005 g.
643 2942 668 3002 o,
722 2954 800 3006 nung
832 2936 882 2990 der
909 2935 994 2991 civir-
1028 2936 1086 2989 und
1113 2937 1158 2990 Mi?

110 3013 144 3062 16
163 3009 213 3062 sub
232 3010 318 3062 oculis
336 3010 466 3063 omnium.
491 3009 552 3063 Liv.
572 3014 614 3076 22,
636 3014 669 3061 14
722 3008 856 3082 waltung.

108 3079 195 3132 bootes
212 3079 262 3132 sub
281 3081 368 3133 oculis
386 3085 472 3134 eruat.
760 3084 800 3132 10.
829 3079 954 3147 proicere
986 3078 1036 3132 der
1060 3079 1158 3132 Abwec

146 3154 171 3200 9.
204 3149 269 3201 haec
286 3150 325 3202 ist
343 3149 515 3203 Nominativ.
722 3165 821 3218 wagan
839 3150 911 3203 statt
928 3149 1046 3216 differre.

147 3224 188 3273 10.
221 3219 324 3272 dilatae
348 3238 400 3272 nur
425 3238 475 3272 aur
501 3218 668 3273 Abwechse-
760 3226 801 3274 13.
830 3220 937 3288 aptiore
955 3219 1035 3288 „eine
1048 3220 1131 3274 Rolle
1152 3240 1158 3274 ε

108 3289 178 3357 lurig
197 3289 266 3342 statt
280 3291 415 3358 prolatae.
724 3321 756 3329 —
776 3291 998 3360 quinquiplicem
1016 3290 1056 3344 ist
1074 3285 1121 3349 ἅπ.
1144 3311 1156 3345 ε

145 3359 193 3415 36.
231 3364 255 3414 2.
293 3360 333 3421 Er
353 3361 484 3428 verlangt
506 3361 579 3427 also,
603 3361 667 3414 dass
760 3368 801 3415 14.
835 3363 911 3430 lepos,
930 3361 1026 3415 indem
1045 3378 1111 3415 man
1129 3381 1158 3415 ur

110 3429 288 3487 sammtliche
310 3431 416 3485 hohere
434 3430 550 3486 Beamte
568 3432 669 3486 immor
722 3432 1049 3497 Kaisem'dieQuaestur
1062 3433 1158 3486 nicht·

110 3501 161 3556 auf
177 3507 193 3556 5
212 3501 297 3556 Jahre
320 3518 422 3556 vorans
445 3501 582 3572 designirt
599 3520 667 3558 wer·
722 3509 765 3558 25.
785 3502 983 3572 Lebensjahre,
1002 3503 1048 3557 die
1066 3504 1158 3573 folgan

110 3573 173 3627 den.
210 3578 300 3641 atque,
320 3591 341 3627 s.
360 3573 433 3627 Einl.
453 3578 475 3638 ξ.
497 3580 557 3642 119,
577 3580 618 3629 11.
722 3575 863 3628 rulischen
881 3576 996 3628 Aemter
1010 3573 1115 3642 jedoch
1134 3594 1158 3628 n:

146 3645 327 3711 4100111101,
346 3644 668 3700 nbmlichwthrendsie
719 3645 862 3716 jahrigem
894 3645 1119 3699 Zwischenraum
1156 3675 1158 3690 ‹

110 3733 144 3767 zu
162 3714 289 3785 Legaten
303 3718 421 3770 emannt
435 3720 537 3769 waren.
552 3747 586 3755 -
602 3718 668 3771 duo·
723 3719 835 3771 konnte.

109 3786 208 3852 decim,
232 3803 369 3856 wogegen
397 3804 427 3841 er
453 3787 549 3841 bisher
567 3788 602 3856 (1,
624 3790 667 3856 lb)
759 3795 800 3843 16.
832 3787 1008 3856 fauorabilis,
1035 3789 1158 3842 auerstl

108 3874 162 3980 nug
176 3855 286 3981 jeribcr
303 3858 546 3983 disignicgtbbatte.
588 3934 599 3983 t
648 3928 669 3983 .,
721 3865 747 3984 ἶ,
763 3865 808 3984 54.
828 3864 872 3934 40,
896 3858 971 3911 daun
994 3856 1068 3912 diter
1084 3857 1158 3912 ims

164 3966 171 3979 .
230 3943 296 3981 eer
350 3947 369 3983 u
426 3943 586 3984 uramara
617 3947 656 3982 nu
746 3946 830 3984 aem.

110 3997 175 4051 dem
192 3997 316 4054 Infinitiv
335 4017 356 4055 s.
374 4000 447 4053 Einl.
467 4006 490 4066 ς.
510 4007 553 4055 80.
757 4001 805 4057 37.
827 4006 851 4054 1.
870 3999 950 4052 Auch
968 4000 1113 4068 Augustus
1126 4000 1158 4054 ha

146 4075 170 4123 6.
203 4084 309 4123 arcanc
336 4071 457 4139 imperii,
486 4072 539 4126 wie
563 4089 605 4141 cp.
633 4076 666 4127 59
722 4073 799 4126 zclne
819 4072 972 4126 Senatoren
990 4073 1158 4126 unterstr'itzt

110 4140 306 4194 dominationis
324 4159 442 4210 areana,
469 4143 532 4196 sind
556 4143 601 4197 die
620 4160 667 4212 ge·
722 4144 761 4196 sie
786 4144 840 4196 den
864 4141 969 4196 Census
991 4158 1047 4197 von
1071 4141 1147 4196 einer

109 4209 223 4266 heimen
247 4210 406 4283 Principien
428 4214 478 4267 der
495 4213 666 4282 Monarchie,
721 4213 884 4268 erreicbten.

109 4281 172 4336 hier
194 4283 255 4338 also
279 4283 323 4338 die
349 4284 477 4340 absolute
496 4284 621 4339 Willlrr'ir
638 4285 668 4340 in
757 4290 783 4337 4.
808 4285 923 4338 inlectus
940 4282 994 4338 mit
1012 4283 1158 4339 blossem]

110 4353 161 4408 der
186 4354 395 4410 Beamteawahl
423 4356 480 4408 und
509 4356 553 4411 die
583 4356 667 4410 Trea·
721 4373 775 4408 nur
793 4353 855 4408 hier
872 4355 929 4408 und
948 4360 973 4423 4,
995 4361 1037 4408 12.
1057 4355 1084 4411 S.
1103 4355 1158 4410 nin
