2722 4762
362 188 472 243 urana
485 189 532 242 1v.
565 177 643 244 cAP.
660 195 772 244 rr-ro.
1094 189 1160 254 209

131 351 159 416 is
182 350 246 414 fuit
263 350 405 414 Lucilius
424 350 567 434 Longus,
590 351 733 415 omnium
756 350 804 414 illi
826 350 970 415 tristium
989 352 1161 415 laetorum·

98 439 179 504 icius
202 461 348 523 unusque
376 460 393 501 e
418 440 622 503 senatoribus
645 438 765 503 Rhodii
792 460 937 503 secessus
961 461 1077 503 comes.
1112 440 1160 504 ita

98 549 186 612 [uam
208 550 292 592 novo
310 528 435 591 homini
459 528 640 591 censorium
658 527 764 611 funus,
787 527 927 612 effigiem
952 528 1037 611 apud
1056 527 1198 592 forums

98 616 130 679 ui
148 615 428 700 publica‘pecunia
446 619 555 698 patres
575 616 750 699 decrevere,
769 614 854 699 apud
873 637 954 699 quos
973 616 1072 679 etiam
1091 619 1162 679 turn

98 749 103 767 ,
126 705 366 787 tractabantur,
390 703 468 767 adeo
483 708 529 767 ut
551 709 741 787 procurator
760 703 858 767 Asiae
878 704 1019 768 Lucilius
1043 702 1161 788 Capito

98 797 159 856 ‚nte
187 793 354 875 provincia
377 813 508 856 causam
532 791 655 870 dixerit,
679 812 894 876 magnacum
919 792 1162 856 adseveratione

98 882 156 964 oio,
178 903 246 945 non
273 903 307 945 se
336 881 387 944 ius
419 881 482 944 nisi
510 881 545 942 in
577 881 707 944 servitia
740 885 772 944 et
802 881 955 962 pecunias
988 879 1162 944 familiares

98 991 126 1051 e3
154 969 240 1052 quod
263 970 290 1032 si
313 969 379 1032 vim
403 969 560 1051 praetoris
584 972 773 1052 usurpasset
791 970 1000 1052 manibusque
1023 969 1209 1034 militum10

98 1061 179 1140 oret,
204 1061 313 1141 spreta
330 1059 365 1121 in
384 1078 421 1121 eo
439 1057 596 1121 mandata
615 1079 688 1120 sua:
709 1058 856 1120 audirent
875 1057 988 1122 socios
1024 1058 1071 1121 ita
1090 1079 1163 1121 reus

98 1169 120 1209 io
149 1147 282 1230 negotio
306 1146 487 1209 damnatur.
525 1146 566 1209 ob
590 1168 686 1228 quarn
710 1146 880 1228 ultionem,
904 1149 936 1209 et
959 1147 1034 1230 quia
1057 1146 1163 1228 priore

109 1236 145 1297 in
170 1233 205 1298 Ο.
229 1232 374 1297 Silanum
401 1233 599 1297 vindicatum
633 1237 715 1316 erat,
748 1234 916 1298 decrevere
938 1234 1038 1298 Asiae
1068 1235 1163 1298 urbes

98 1345 146 1385 rm
184 1321 314 1387 Tiberio
352 1322 511 1405 matrique
548 1323 615 1386 eius
653 1344 689 1386 ac
723 1323 858 1388 senatui.
904 1325 937 1387 et
972 1323 1165 1405 permissum

100 1433 150 1493 re3
175 1412 304 1495 egitque
327 1409 414 1475 Nero
448 1414 555 1494 grates
588 1432 626 1474 ea
656 1432 754 1474 causa
783 1411 930 1493 patribus
964 1414 1059 1494 atque
1095 1427 1209 1494 avo,15

116 1500 204 1563 inter
227 1499 425 1562 audientium
450 1498 660 1583 adfectiones,
689 1499 744 1580 qui
766 1500 886 1563 recenti
910 1499 1065 1563 memoria
1088 1498 1165 1563 Ger·

97 1588 226 1651 iillum
250 1588 367 1670 aspici,
389 1588 482 1651 illum
506 1588 609 1651 audiri
632 1588 794 1651 rebantur.
832 1588 1029 1672 aderantque
1056 1588 1166 1651 iuveni

98 1678 148 1739 tia
173 1697 209 1740 ac
233 1676 338 1739 forma
361 1676 507 1759 principe
539 1677 608 1740 viro
642 1676 754 1760 digna,
782 1676 868 1740 notis
896 1677 930 1739 in
959 1698 1031 1740 euin
1056 1675 1166 1740 Seiani

98 1765 138 1828 ob
163 1765 341 1847 periculum
365 1765 519 1848 gratiora.

98 1853 146 1916 lub
170 1852 259 1916 idern
278 1857 406 1936 tempus
429 1853 468 1916 de
491 1852 623 1916 flamine
646 1851 734 1915 Diali
756 1852 790 1915 in
817 1853 923 1916 locum
946 1851 1038 1916 Servi
1060 1851 1163 1915 Malu·
1176 1852 1217 1916 16

98 1942 138 2005 ris
173 1941 315 2004 defuncti
342 1942 490 2026 legendo,
519 1942 614 2005 simul
638 1939 783 2025 roganda
811 1962 895 2004 nova
921 1942 992 2024 lege
1016 1940 1167 2004 disseruit

98 2053 120 2094 r.
164 2051 240 2093 nam
271 2031 426 2111 patricios
464 2030 676 2094 confarreatis
713 2029 902 2113 parentibus
939 2029 1067 2113 genitos
1100 2032 1173 2093 tres

113 2118 288 2196 nominari,
318 2139 356 2181 ex
381 2118 451 2202 quis
475 2141 558 2182 unus
582 2119 757 2201 legeretur,
785 2120 914 2182 vetusto
937 2139 1040 2201 more3
1062 2138 1167 2200 neque

98 2229 116 2289 r,
140 2210 176 2270 ut
200 2203 288 2290 olim,
311 2229 383 2271 eam
407 2207 542 2290 copiam,
567 2208 688 2270 omissa
710 2206 934 2270 confarreandi
957 2205 1167 2269 adsuetudine
1187 2223 1202 2271 5

98 2298 158 2358 rter
180 2316 301 2378 paucos
325 2298 460 2358 retenta.
496 2295 667 2378 pluresque
691 2295 759 2358 eius
786 2295 833 2358 rei
857 2316 970 2358 causas
994 2293 1168 2376 adferebat,

100 2384 199 2447 imam
227 2405 325 2467 penes
357 2384 514 2448 incuriam
546 2384 689 2447 virorum
719 2382 989 2466 feminarumque:
1021 2382 1169 2446 accedere

133 2471 345 2536 caerimoniae
373 2472 595 2555 difficultates,
626 2493 707 2555 quae
735 2473 884 2536 consulto
912 2472 1104 2554 vitarentur,
1137 2474 1170 2535 et

98 2583 149 2624 am
177 2561 278 2623 exiret
308 2564 341 2624 et
369 2561 439 2623 iure
468 2561 575 2643 patrio
609 2561 664 2643 qui
694 2560 728 2624 id
759 2560 941 2624 flaminium
973 2558 1170 2642 apisceretur

99 2670 138 2712 ue
156 2650 191 2712 in
214 2670 345 2712 manum
363 2649 505 2712 flaminis
530 2649 730 2732 conveniret,
752 2649 800 2713 ita
822 2647 1012 2712 medendum
1037 2651 1168 2712 senatus
1181 2665 1215 2713 10

98 2859 185 2912 &leodii
202 2873 327 2923 secessus,
344 2874 400 2911 von
420 2865 476 2912 tr.
492 2856 555 2912 Chr.
647 2857 694 2912 16.
728 2863 752 2910 3.
785 2857 836 2912 Die
855 2858 1039 2923 confarreatio
1061 2857 1099 2912 ist
1122 2857 1167 2911 die

98 2947 119 2983 u.
140 2928 203 2982 Ohr.
610 2928 781 2982 feierlichste
808 2929 865 2981 und
892 2928 1060 2982 bindendste
1085 2928 1169 2981 Form

98 3000 242 3054 censoriam
261 2999 328 3053 oder
351 3000 494 3067 publicam
512 2999 556 3064 fa·
612 2999 660 3051 der
678 2998 913 3067 Eheschliessung
936 2998 983 3052 bei
1005 2998 1169 3066 Patriciern,

98 3070 177 3124 tdas
196 3069 365 3138 Begrttbniss
384 3070 434 3123 auf
452 3069 557 3124 Staats-
610 3070 641 3122 in
666 3069 835 3136 Gegenwart
861 3069 909 3123 des
926 3069 1057 3123 Pontifex
1082 3068 1169 3123 maxi·

98 3183 108 3194 ,.
129 3171 162 3180 -
182 3141 239 3194 Das
257 3142 349 3208 soram
368 3142 491 3209 Ampasii
509 3141 557 3209 lag
611 3158 687 3207 mus,
713 3139 762 3194 des
789 3140 905 3194 Flamen
923 3139 1013 3194 Dialis
1037 3140 1095 3193 und
1121 3157 1170 3194 vor

101 3228 137 3266 en
170 3211 233 3265 dem
261 3212 339 3266 alten
365 3211 468 3265 Forum
500 3211 557 3264 und
612 3211 682 3264 zehn
706 3211 826 3280 Zeugen.
864 3211 910 3264 Sie
928 3228 987 3266 war
1011 3212 1118 3266 schwer
1136 3229 1171 3264 zu

98 3281 303 3350 uirinalischen
321 3281 421 3344 Hiiael.
611 3282 691 3335 lbsen
710 3281 807 3349 (durch
826 3283 1017 3350 diffarrcatio).

98 3359 259 3422 rocmrator,
284 3353 344 3406 also
364 3353 409 3407 ein
426 3353 559 3406 Beamter
649 3359 674 3408 7.
707 3369 791 3420 peries
821 3353 874 3407 mit
901 3352 992 3408 ciuem
1019 3353 1171 3407 Accusativ

98 3423 250 3478 iserlichen
269 3423 384 3479 Hauses.
415 3422 482 3477 Asia
500 3440 559 3476 war
612 3423 663 3477 der
686 3423 787 3491 Sache,
814 3424 886 3477 auch
910 3424 975 3477 hist.
1003 3431 1032 3490 1,
1057 3429 1089 3477 57
1116 3439 1172 3478 mom

100 3494 279 3550 enatorische
288 3494 416 3563 Provinz‚
431 3495 499 3548 aber
512 3493 557 3547 die
608 3509 692 3562 peaes
706 3496 900 3562 rempublicam
913 3495 1005 3562 faisse.
1022 3501 1063 3549 76.
1090 3494 1173 3549 Sonat

98 3565 153 3619 rste
180 3565 229 3618 des
251 3564 438 3619 kaiserlichcn
460 3563 557 3618 Iliscus
612 3583 665 3618 nur
682 3565 755 3619 nach
773 3566 840 3620 Hor.
861 3582 886 3619 a.
905 3583 932 3634 p.
949 3572 981 3620 ⁷1
1001 3581 1075 3632 mae,
1094 3581 1172 3634 quem

98 3654 110 3689 r
142 3635 214 3689 auch
246 3635 310 3689 dort
341 3652 396 3690 von
423 3634 557 3689 Procura-
607 3651 692 3704 parics
710 3637 859 3690 arbitrium
877 3641 922 3689 eat.

98 3705 252 3761 rerwaltet.
648 3713 673 3760 9.
691 3706 748 3760 Der
763 3707 903 3761 Nachsatz
921 3724 955 3760 zu
974 3706 1104 3774 quoniam
1117 3706 1168 3760 ist:

98 3778 225 3832 recmaiac
247 3777 400 3842 familiares
424 3778 494 3830 statt
512 3778 557 3830 do·
611 3778 653 3831 ita
671 3778 829 3831 medendam
847 3778 897 3831 ott.
916 3809 949 3818 —
969 3777 1055 3831 mirei
1080 3778 1173 3831 aime

98 3865 119 3902 rs
146 3846 418 3916 „Kronvermtgen“.
458 3846 558 3915 Spater
610 3849 716 3916 patrio,
743 3848 769 3901 d.
793 3849 821 3902 ln
847 3847 897 3901 das
922 3847 1078 3903 rechtliche
1103 3847 1172 3902 Ver·

98 3918 140 3972 lie
159 3918 257 3972 Macht
281 3918 331 3971 der
354 3919 557 3972 Procuratoren
613 3918 736 3973 haltniss
760 3937 822 3972 aum
849 3919 936 3973 Vater
963 3919 1039 3973 ward
1067 3919 1173 3990 geldam

98 4008 116 4044 r.
158 3989 184 4042 S.
206 3995 248 4056 12,
268 3995 310 4042 60.
615 3991 716 4044 ebenso
735 3989 854 4044 beiden
874 3988 1065 4045 Vestalinnen.

98 4060 221 4126 Salamas,
239 4059 390 4114 Proconsul
407 4076 463 4114 von
481 4060 559 4126 Asia,
651 4067 695 4115 10.
718 4062 750 4114 iri
772 4077 884 4114 marram
902 4063 1044 4115 convenire
1061 4061 1174 4116 bezieht

98 4149 122 4184 m
148 4129 173 4184 J.
203 4135 236 4184 22
265 4147 363 4200 wegen
385 4131 561 4200 Erpressung
615 4132 676 4186 sich
685 4131 737 4185 auf
748 4131 793 4185 die
803 4131 957 4186 rechtliche
968 4132 1173 4200 Besitznahme,

98 4202 219 4271 lychnus
238 4201 381 4255 verbannt.
614 4203 676 4257 hier
695 4202 746 4256 auf
762 4202 807 4258 die
821 4205 1015 4270 confarreatio.
1034 4203 1099 4272 Vgl.
1116 4201 1171 4256 Cic.

108 4273 198 4338 Nero,
217 4272 334 4326 'altester
348 4273 424 4327 Sohn
435 4273 483 4326 des
494 4270 560 4327 Ger·
614 4277 673 4342 top.
692 4279 722 4341 4,
743 4279 776 4327 23
802 4275 899 4329 mulier
923 4276 983 4329 viro
1005 4276 1037 4329 iri
1060 4289 1174 4328 marmm

98 4361 132 4397 ua.
615 4346 747 4400 emeruit.

99 4441 204 4484 ‚Anna
222 4442 241 4484 Ι.
929 4439 962 4487 14
