2722 4762
162 206 227 271 202
483 210 657 265 CORNELII
680 208 804 263 'raom
826 206 1026 263 Annnnwn

162 366 256 429 facile
280 362 542 438 memoraverim,
576 361 647 444 quis
671 361 794 443 primus
818 362 943 443 auctor,
970 358 1061 423 cuius
1086 357 1290 425 instinctuc

164 454 264 517 citum
288 452 330 515 sit
354 450 440 534 quod
462 453 532 513 tam
550 448 645 512 multi
665 451 881 532 sumpserunt.
917 446 1185 531 promptissimos
1201 444 1289 512 Subri

164 540 300 604 Flavum
331 540 500 603 tribunum
531 538 712 621 praetoria-e
745 536 888 601 cohortis
922 538 955 599 et
991 533 1176 619 Sulpicium
1208 536 1289 621 Aspr

128 654 144 699 5
164 630 384 693 centurionem
407 628 553 691 extitisse
577 626 761 689 constantia
783 627 887 689 exitus
910 624 1033 709 docuit3
1057 627 1094 689 et
1111 622 1289 690 Lucanus.

163 740 263 781 naeus
287 716 496 799 Plautiusque
519 714 698 778 Lateranus
731 714 839 777 vivida
871 713 947 777 odia
977 713 1128 778 intulere.
1183 712 1289 779 Lucan

165 807 313 890 propriae
337 826 451 869 causae
476 803 707 885 accendebant,
731 802 816 887 quod
840 802 962 865 famam
985 801 1170 867 carminum
1190 804 1289 886 eius]

167 896 274 958 mebat
305 892 391 957 Nero
423 893 695 975 prohibueratque
732 893 911 974 ostentare,
948 912 1050 955 vanus
1089 891 1289 955 adsimulata

164 982 361 1047 Lateranum
384 982 550 1046 consulem
578 980 783 1063 designatum
810 980 901 1043 nulla
926 980 1057 1063 iniuria,
1092 978 1151 1043 sed
1185 1002 1275 1044 amor

113 1094 146 1141 10
166 1072 311 1153 publicae
331 1071 474 1134 sociarit.
512 1073 547 1132 at
565 1069 695 1132 Flavius
716 1066 890 1132 Scaevinus
913 1070 947 1131 et
964 1067 1123 1133 Afranius
1144 1066 1289 1144 Quintiar

166 1164 300 1243 uterque
324 1159 478 1222 senatorii
502 1157 637 1241 ordinis,
668 1160 781 1221 eontra
808 1156 931 1220 famam
961 1156 1011 1220 sui
1040 1156 1289 1240 principiumta

163 1248 317 1311 facinoris
348 1247 556 1330 capessivere.
607 1268 683 1309 nam
712 1243 867 1309 Scaevino
901 1244 1060 1309 dissoluta
1087 1246 1171 1309 luxu
1199 1268 1286 1310 mens

166 1335 298 1419 proinde
335 1336 402 1398 rita
441 1357 555 1398 somno
592 1334 760 1418 languida,
798 1333 993 1409 Quintianus
1030 1333 1174 1398 mollitia
1207 1356 1289 1418 corp(

164 1424 294 1487 infamis
318 1427 350 1486 et
374 1446 391 1485 a
416 1420 546 1487 Nerone
569 1424 726 1506 probroso
756 1423 898 1487 carmine
922 1422 1109 1488 diffamatus
1134 1424 1289 1487 contumel

111 1532 145 1582 15
165 1513 269 1575 ultum
291 1512 369 1575 ibat.

111 1602 155 1665 50
252 1598 341 1683 Ergo
366 1599 442 1663 dum
466 1602 587 1664 scelera
609 1600 778 1684 principis,
806 1603 838 1663 ct
867 1600 964 1664 finem
992 1600 1107 1663 adesse
1133 1602 1271 1684 imperio

166 1688 393 1773 ligendumque
419 1690 474 1773 qui
501 1689 597 1752 fessis
620 1690 716 1752 rebus
746 1692 956 1771 succurreret,
987 1688 1073 1751 inter
1105 1711 1140 1753 se
1177 1692 1236 1753 at
1264 1690 1289 1753 iu

167 1778 288 1842 amieos
310 1778 446 1859 iaciunt,
471 1778 687 1862 adgregavere
711 1775 881 1841 Claudium
905 1774 1129 1862 Senecionem,
1160 1775 1288 1843 Oervari

165 1864 350 1948 Proculum,
374 1865 560 1929 Vulcatium
581 1865 762 1947 Araricum,
785 1865 905 1929 Iulium
919 1866 1140 1950 Augurinum,
1164 1865 1288 1931 Munati

129 1977 145 2023 5
167 1952 315 2037 Gratum,
339 1954 521 2018 Antonium
544 1953 709 2037 Natalem,
733 1953 891 2018 Marcium
914 1953 1061 2037 Festum,
1085 1956 1216 2041 equites
1231 1954 1289 2021 Ror

164 2065 233 2106 nos.
289 2065 328 2106 ex
360 2044 475 2125 quibus
505 2041 651 2125 Senecio,
689 2065 705 2105 e
738 2044 912 2127 praecipua
942 2042 1165 2108 familiaritate
1198 2042 1289 2109 Nero}

164 2132 303 2213 speciem
326 2133 485 2195 amicitiae
509 2132 606 2195 etiam
625 2135 694 2195 tum
713 2132 857 2195 retinens
876 2153 914 2195 eo
933 2132 1080 2214 pluribus
1098 2132 1253 2216 periculis
1270 2155 1289 2197 c

163 2220 355 2284 llictabatur.
410 2218 537 2284 Natalis
565 2221 727 2305 particeps
757 2220 797 2283 ad
825 2242 920 2285 omne
949 2224 1109 2285 secretum
1131 2219 1246 2287 Pisoni
1268 2243 1289 2285 er

164 2309 278 2371 ceteris
311 2328 384 2389 spes
417 2331 455 2371 ex
488 2309 581 2372 noris
609 2310 704 2372 rebus
732 2310 910 2392 petebatur.
963 2309 1106 2374 adscitae
1138 2314 1220 2375 sunt
1250 2333 1289 2393 su,

110 2418 144 2465 10
164 2394 315 2459 Subrium
345 2398 378 2458 et
408 2394 596 2479 Sulpicium,
634 2397 673 2460 de
710 2397 825 2481 quibus
862 2398 988 2481 rettuli,
1023 2398 1186 2463 militares
1222 2422 1289 2463 man

163 2482 283 2547 Gavius
308 2480 456 2547 Silvanus
490 2488 522 2547 et
545 2483 668 2548 Statius
692 2484 861 2549 Proximus
893 2486 1018 2550 tribuni
1046 2486 1232 2552 cohortium
1253 2510 1288 2572 pr

162 2572 332 2655 toriarum,
368 2570 528 2636 Maximus
563 2571 700 2637 Scaurus
738 2578 771 2638 et
797 2575 943 2639 Venetus
975 2574 1097 2639 Paulus
1129 2577 1289 2641 centurion

163 2660 217 2724 sed
241 2683 403 2724 summum
426 2662 525 2726 robur
547 2663 581 2726 in
604 2661 724 2726 Faenio
748 2662 834 2727 Rufo
857 2663 1020 2747 praefecto
1039 2664 1226 2751 videbatur,
1248 2688 1289 2750 qu

196 2907 243 2962 49.
269 2913 291 2962 5.
329 2908 478 2974 {Lucanum
508 2908 584 2962 Sohn
610 2909 658 2962 des
685 2909 717 2961 L.
772 2909 839 2962 halb
872 2908 939 2963 aber
975 2906 1056 2961 nicht
1087 2910 1269 2965 aemulatione

160 2978 289 3031 Annaeus
308 2977 398 3047 Mela,
427 2981 476 3033 der
499 2979 627 3034 Seneea's
651 2981 718 3032 Bru·
772 2979 927 3034 schreiben.

160 3049 210 3101 der
227 3065 299 3116 war,
324 3049 364 3102 im
382 3048 406 3103 J.
427 3056 461 3104 39
484 3069 518 3103 au
537 3050 666 3104 Corduba
688 3050 718 3103 in
810 3057 850 3104 13.
870 3050 987 3104 retollitia
1005 3051 1077 3104 statt
1089 3052 1251 3119 patientia·
1267 3070 1285 3105 s.

160 3118 282 3186 Spanion
300 3120 435 3188 geboren,
456 3120 573 3190 gehorte
592 3121 717 3191 Anfangs
775 3128 818 3190 11,
839 3128 862 3174 2.

159 3207 192 3242 zu
207 3189 303 3242 Nero's
317 3190 477 3250 Fecunden,
498 3192 563 3244 dern
582 3209 611 3244 cr
625 3193 655 3245 in
669 3193 718 3246 der
809 3198 850 3245 14.
870 3191 964 3246 Ueber
976 3192 1032 3246 den
1045 3190 1199 3249 Gebruuch
1212 3193 1289 3249 nono*

159 3258 322 3327 Einleitung
347 3259 436 3314 seiner
456 3261 600 3315 Pharsalia
618 3280 717 3316 unver·
774 3264 881 3329 soniare
900 3282 922 3317 s.
942 3281 976 3316 zu
995 3268 1037 3331 14,
1058 3268 1101 3318 22.

159 3329 268 3382 schamt
293 3329 483 3385 schmeichelt.
534 3332 635 3400 Spatcr
659 3350 719 3387 rer·
811 3340 853 3387 15.
872 3335 962 3387 cultam
979 3334 1039 3387 ibat
1063 3334 1119 3390 wie
1138 3352 1183 3405 cp.
1205 3337 1274 3391 lire

159 3399 263 3455 leidete
285 3400 345 3452 ihm
368 3401 418 3454 <lar
437 3401 534 3455 Kaisar
553 3403 602 3455 das
622 3402 719 3457 offent·
774 3410 833 3458 turn
850 3406 949 3459 colens.

158 3471 233 3526 liche
247 3471 389 3526 Iteeitiren
403 3471 493 3526 sciner
508 3471 645 3527 Gediohte
661 3475 719 3528 und
809 3476 857 3532 50.
872 3482 896 3529 3.
926 3476 1083 3545 adgregare,
1098 3476 1188 3533 sehon
1201 3476 1288 3533 beiKl

159 3544 212 3597 soll
229 3543 290 3597 ihm
308 3542 353 3598 die
373 3543 554 3613 Herausgabe
573 3545 720 3599 derselben
774 3546 880 3612 sikern,
894 3548 946 3600 hat
959 3548 1036 3601 sonst
1048 3546 1152 3603 immor
1166 3547 1288 3604 ausserd

158 3617 305 3685 untersagt
323 3616 423 3670 haben.
774 3617 926 3671 Accusativ
955 3617 1001 3672 ein
1028 3616 1217 3675 cntfarntercs
1236 3618 1285 3674 ob·

786 3688 872 3742 Dativ
899 3688 943 3744 od.
962 3688 1093 3757 Praepos.
1113 3691 1161 3755 in,
1180 3692 1241 3759 ad).
1274 3636 1289 3743 l

195 3728 219 3774 6.
239 3719 378 3790 Plautius,
402 3723 483 3777 Noffe
507 3723 556 3777 des
574 3722 718 3792 Besicgers
775 3690 785 3756 l

159 3789 208 3842 der
222 3790 392 3860 Britannier,
412 3810 471 3848 war
488 3796 570 3849 anter
586 3794 717 3849 Claudius

159 3858 208 3912 des
226 3859 387 3916 Ehebruchs
415 3866 468 3919 mit
493 3865 642 3920 Messalina
670 3884 721 3989 an}
773 3901 812 3955 im
830 3902 994 3971 Folgendon
1017 3904 1182 3971 gemm„
1200 3902 1289 3959 pem

159 3929 292 3999 geklagt,
318 3933 386 3987 abor
414 3952 463 3988 aus
491 3937 645 3991 Riicksioht
670 3954 705 3991 au
775 3973 838 4026 sind
857 3974 934 4027 som,
951 3972 1031 4026 nich,
1048 3972 1186 4029 bekannt·

773 3758 861 3814 Vater
880 3760 928 3813 des
947 3759 1059 3813 Senecio
1076 3777 1137 3816 war
1155 3760 1289 3817 kaieerliol

772 3830 1008 3900 Freigelassener3
1037 3848 1058 3884 s.
1077 3849 1113 3885 zu
1134 3838 1177 3901 13,
1198 3838 1239 3889 12.
1281 3830 1289 3883 l

160 4000 255 4055 seinen
275 3999 375 4055 Oheim
393 4004 556 4076 begnadigt.
811 4052 854 4099 10·
874 4060 974 4098 manu,
1001 4044 1074 4098 mg,
1094 4046 1141 4099 vi,
1158 4044 1289 4100 mint,

195 4114 219 4162 8.
239 4106 450 4164 adsimulatione
475 4113 586 4179 „durch
606 4114 718 4169 Gleieh-
773 4113 824 4184 εἰρ.

159 4178 303 4249 stellung“
322 4176 349 4230 d.
363 4177 390 4230 h.
405 4181 471 4234 weil
485 4183 558 4237 Nero
578 4185 619 4238 als
634 4185 717 4239 Dich·
809 4193 850 4240 13.
881 4184 1000 4239 Faenius
1034 4184 1125 4239 Rufus
1161 4204 1222 4241 war
1250 4184 1289 4240 nel

158 4252 202 4305 ter
212 4250 271 4304 sich
280 4248 341 4303 ihm
349 4248 550 4321 gleichstellte,
566 4256 625 4309 also
637 4256 717 4310 eifer-
772 4256 929 4327 Tigellinus
947 4255 1001 4310 scit
1023 4256 1089 4310 dem
1107 4256 1196 4313 Jahro
1214 4256 1289 4313 621³:

159 4321 270 4393 siichtig
294 4320 378 4375 ward.
426 4320 493 4375 Man
514 4325 633 4380 braucht
657 4327 717 4381 des·
770 4327 828 4381 fect
847 4328 896 4382 der
914 4326 1101 4384 Pratoriauer.
