2722 4762
152 168 195 231 74
474 167 646 227 CORNELII
664 169 786 226 TAClTl
805 171 1003 227 euraclum

151 354 231 416 quos
246 332 399 396 exercitui
412 351 587 416 regressus,
601 332 756 397 insedere.
789 333 874 417 quod
888 353 1027 419 gneum
1041 334 1117 401 duci
1130 336 1320 421 incessitque

47 444 51 451 ·
79 416 85 429 ’
150 421 260 485 itineri
283 424 316 484 et
338 420 471 504 proelio.
507 443 583 504 pars
612 421 756 505 equitum
788 426 821 486 et
848 423 1036 489 auxiliariae
1058 423 1214 491 cohortes
1238 424 1318 491 duce

54 524 62 533 ·'
108 526 141 574 10
152 510 241 591 bant,
263 531 339 574 mor
362 509 468 592 prima
490 509 586 593 legio,
609 514 642 573 et
659 509 1033 597 mediisulimpedimentis
1053 512 1226 579 sinistrum
1243 513 1315 579 latus

156 597 461 681 unetvicensimani,
493 598 641 661 dextrum
673 599 823 683 quintani
846 599 1005 683 clausere,
1036 600 1218 667 vicensima
1243 602 1315 687 legio

156 691 250 771 terga
272 687 422 769 firmavit,
444 692 520 771 post
543 687 643 751 ceteri
661 687 831 753 sociorum.
868 688 925 753 sed
943 689 1067 773 hostes,
1090 690 1196 757 donec
1214 710 1314 777 agmen
1350 711 1354 719 ·

156 797 214 858 per
238 775 343 840 saltus
366 776 594 860 porrigeretur,
616 775 752 859 immoti,
776 776 851 840 dein
868 777 972 842 latera
991 781 1024 843 et
1042 776 1188 843 frenum
1206 776 1314 845 modice
1352 801 1357 829 =

158 863 372 947 adsultantes,
413 868 483 929 tota
524 864 557 928 vi
598 865 792 929 novissimos
833 865 1004 931 incurrere.
1048 867 1312 952 turbabanturque
1354 920 1357 931 .

106 968 140 1016 15
152 952 259 1017 densis
280 952 515 1017 Germanorum
534 952 672 1016 catervis
695 953 782 1018 leves
802 953 962 1038 cohortes,
985 975 1059 1019 cum
1077 952 1201 1021 Cacsar
1218 956 1312 1037 adru-
1352 1010 1357 1021 .

151 1043 204 1105 tus
228 1041 268 1106 ad
292 1041 529 1105 vicensimanos
552 1061 630 1105 voce
654 1062 773 1127 magna
796 1041 859 1107 boc
881 1043 960 1107 illud
985 1047 1114 1127 tempus
1138 1044 1313 1110 oblitterat·

150 1130 209 1194 dae
243 1129 412 1206 seditionis
441 1129 650 1194 clamitabat:
680 1133 866 1215 pergerent,
899 1135 1113 1215 properarent
1138 1131 1312 1217 culpamin

150 1218 246 1283 decus
288 1221 421 1282 uertere.
467 1239 615 1282 exarsere
658 1218 775 1283 animis
812 1239 942 1303 unoque
978 1220 1101 1304 impetu
1137 1224 1313 1307 perruptum

150 1307 279 1371 hostem
308 1306 460 1391 redigunt
491 1306 526 1369 in
556 1309 669 1390 aperta
692 1307 909 1393 caeduntque,
932 1308 1029 1373 simul
1059 1308 1160 1393 primi
1188 1308 1312 1396 agminia

102 1395 263 1478 eucapiae
302 1416 430 1458 evasere
462 1395 561 1459 silvas
595 1397 764 1480 castraque
797 1390 1044 1462 coriiirl'u'nivere.
1081 1398 1229 1481 quietum
1252 1396 1313 1463 iude

151 1483 223 1565 iter,
246 1484 413 1568 fidensque
436 1484 617 1547 recentibus
642 1505 679 1547 ac
698 1485 843 1568 priorum
863 1485 982 1550 oblitus
1006 1486 1101 1551 miles
1124 1487 1160 1551 in
1183 1486 1313 1552 hibernis

147 1571 283 1636 locatur.
893 1616 897 1623 -

94 1661 138 1725 52
239 1658 402 1725 Nuntiata
425 1682 463 1724 ea
482 1660 648 1725 Tiberium
666 1661 794 1725 laetitia
812 1683 952 1746 curaque
972 1662 1131 1728 adfecerat
1167 1656 1314 1747 gaudebat

150 1769 338 1832 oppressam
360 1749 563 1832 seditionem,
583 1750 638 1814 sed
658 1749 743 1833 quod
762 1749 938 1834 largiendis
957 1752 1104 1833 pecuniis
1124 1755 1157 1817 et
1174 1752 1314 1817 miseiom

148 1837 304 1902 festinata
327 1839 474 1902 favorem
497 1838 638 1902 militum
661 1839 882 1922 quaesivisset,
904 1839 1024 1904 bellica
1046 1862 1174 1925 quoquc
1197 1839 1313 1906 Germe

147 1926 213 1991 uici
246 1927 351 2012 gloria
393 1928 583 2011 angebatur.
624 1927 738 1991 retulit
770 1930 880 1990 tamen
918 1928 958 1993 ad
991 1933 1141 1993 senatum
1170 1928 1314 1994 derebus

67 2042 73 2053 ’
113 2016 250 2099 egestis
274 2017 445 2099 multaque
469 2015 507 2078 de
532 2015 651 2079 virtute
675 2015 744 2079 eius
767 2017 972 2099 memorarit,
999 2018 1105 2102 magis
1128 2016 1314 2102 inspeciem

148 2104 256 2167 verbis
277 2104 438 2168 adornata
453 2124 550 2186 quam
565 2105 602 2166 ut
620 2105 750 2186 penitus
766 2104 884 2168 sentire
899 2104 1090 2170 crederetur.
1122 2104 1314 2190 paucioribus
1351 2082 1357 2149 l

148 2189 294 2255 Drusum
318 2195 351 2254 et
376 2191 475 2255 finem
497 2191 622 2274 lllyrici
645 2195 752 2256 motus
776 2192 935 2275 laudavit,¹
955 2194 1012 2258 sed
1034 2194 1193 2260 intentior
1215 2198 1248 2259 et
1262 2192 1315 2258 fide

149 2281 305 2345 oratione.
361 2286 540 2365 cunctaque
583 2301 665 2364 quae
707 2279 917 2345 Germanicus
959 2282 1152 2368 indulserat,
1188 2280 1314 2349 servarit

151 2369 249 2433 ctiam
275 2368 363 2452 apud
386 2368 590 2434 Pannonicos
613 2369 781 2433 exereitus.
1343 2454 1347 2459 Ι

96 2457 140 2522 53
241 2457 366 2522 Eodem
390 2479 474 2521 anno
492 2456 577 2521 Iulia
596 2479 781 2542 supremum
805 2458 890 2522 diem
914 2458 1004 2542 obiit,
1028 2459 1070 2524 ob
1093 2458 1313 2544 impudicitiam

149 2547 228 2610 olim
260 2569 279 2608 a
311 2548 404 2630 patre
428 2547 578 2631 Augusto
600 2545 798 2610 Pandateria
823 2547 944 2631 insula,
974 2568 1050 2612 mox
1082 2548 1203 2632 oppido
1231 2544 1311 2631 Regi·

151 2656 278 2718 norum,
303 2635 359 2719 qui
382 2632 525 2699 Siculum
548 2634 668 2699 fretum
687 2636 848 2718 accolunt,
872 2636 992 2700 clausa.
1028 2636 1136 2700 fuerat
1159 2638 1194 2702 in
1215 2630 1311 2701 matri·

148 2723 261 2787 monio
276 2722 400 2788 Tiberii
414 2723 603 2788 florentibus
619 2722 701 2787 Gaio
717 2729 749 2787 et
767 2723 865 2788 Lucio
885 2723 1078 2790 Caesaribus
1098 2728 1309 2809 spreveratque

112 2829 129 2876 5
151 2814 188 2875 ut
210 2811 373 2896 inparcm3
402 2834 461 2876 nee
485 2813 549 2877 alia
581 2815 650 2876 tam
677 2812 792 2876 intima
815 2811 946 2878 Tiberio
975 2834 1072 2877 causa
1095 2834 1152 2878 cur
1174 2812 1310 2879 Rhodum

150 2901 347 2966 abscederet.
379 2902 551 2986 imperium
570 2901 705 2984 adeptus
725 2903 893 2979 extorrem,
912 2900 1067 2966 infamem
1086 2906 1213 2986 etpost
1229 2902 1312 2967 inter·
1350 2882 1357 2975 l

184 3065 208 3113 8.
246 3060 363 3113 incessit.
400 3059 492 3114 Ueber
511 3058 565 3112 den
584 3057 669 3112 Dativ
689 3075 709 3113 s.
763 3056 801 3111 ist
811 3057 948 3124 Tiberius,
962 3057 992 3111 in
1007 3057 1106 3113 dassen
1114 3057 1311 3115 Nemeaeus
1347 3002 1357 3135 t

147 3128 220 3182 Einl.
240 3135 262 3194 ἓ.
282 3136 325 3197 31,
344 3129 371 3182 b.
764 3129 916 3198 gehandelt
934 3129 992 3183 hat.
1336 3132 1357 3201 ²,

185 3205 226 3252 12.
260 3200 340 3253 ceteri
363 3216 385 3253 c.
405 3215 478 3268 gem,
503 3198 556 3253 wie
579 3199 639 3253 Liv.
666 3204 711 3267 42,
800 3205 825 3254 8.
843 3200 986 3270 iaduiqere
1000 3199 1202 3269 „bewilligen“
1213 3192 1314 3257 balla·
1343 3210 1357 3233 ²¹

149 3274 192 3333 15,
214 3274 246 3322 10
266 3271 423 3323 amicorum.
765 3268 836 3324 citus
864 3273 922 3324 crst
948 3269 979 3324 in
1002 3270 1057 3324 den
1078 3271 1223 3341 Annales,
1249 3268 1315 3327 sonti
1335 3236 1357 3345 1

185 3346 226 3395 14.
259 3341 400 3394 adsultare
421 3340 473 3393 hat
497 3340 610 3394 Tacitus
635 3342 711 3395 sonet
764 3358 817 3393 nur
845 3339 964 3410 Sueten,
997 3341 1047 3396 der
1071 3341 1193 3411 jungere
1219 3340 1357 3407 Panas

147 3410 201 3464 mit
226 3409 291 3464 dem
315 3409 413 3476 Dativ,
442 3410 503 3464 hier
530 3410 583 3464 mit
609 3411 708 3466 Aucus.
763 3410 821 3464 und
845 3411 974 3481 Spatura,
1002 3412 1176 3467 namentlich
1201 3412 1316 3469 Dichter·
1338 3396 1357 3483 ξ

147 3481 220 3535 nach
239 3480 377 3551 Analogia
396 3498 450 3535 von
464 3482 581 3550 iusulta,
605 3484 709 3550 accedo,
800 3489 824 3537 9.
857 3485 992 3538 caecitas
1014 3485 1084 3539 statt
1101 3483 1233 3555 bqicuee,
1255 3482 1317 3539 aas
1339 3488 1356 3533 ἵ

147 3569 271 3621 accurro,
291 3553 416 3620 wsebor,
431 3553 555 3618 adeeuto,
570 3554 708 3607 advolvor.
764 3553 793 3606 in
808 3552 862 3607 den
875 3554 1021 3610 Historien
1031 3555 1237 3627 unaunnalen,
1255 3550 1319 3610 aaut
1341 3534 1357 3619 {-

148 3655 181 3662 —
205 3625 318 3678 iucarro
340 3623 394 3678 mit
421 3623 485 3677 dem
512 3623 610 3678 Aecus.
638 3625 709 3678 auch
763 3625 830 3692 Agr.
850 3630 875 3678 5.
1343 3644 1357 3707 ᾖ

147 3693 612 3764 2,17undschonbeiSallust;
637 3695 710 3749 dfter
799 3694 847 3752 53.
882 3702 905 3753 2.
940 3697 1124 3763 Pandateria,
1143 3696 1257 3753 sudlich
1272 3710 1322 3751 roa
1345 3708 1357 3763 ἶ,

147 3766 303 3834 gebraucht
321 3767 385 3821 Tac.
402 3783 432 3820 so
451 3766 601 3820 incursare.
763 3765 922 3823 Tarracina.
1347 3772 1357 3791 '·

184 3842 226 3890 20.
254 3853 360 3890 euasere
378 3838 475 3904 aleas,
498 3835 552 3890 wie
571 3842 599 3902 3,
622 3842 664 3891 14.
683 3843 709 3903 5,
799 3842 824 3891 3.
861 3837 919 3893 Der
942 3839 1045 3894 Zusata
1072 3839 1173 3908 qui-
1193 3838 1324 3905 acwlant,
1352 3854 1355 3859 ·

148 3912 191 3961 10.
210 3909 276 3976 Agr.
297 3913 339 3962 33.
358 3913 401 3960 44.
431 3907 467 3961 So
486 3908 571 3962 schon
586 3908 709 3961 excedere
764 3909 850 3962 etwas
869 3909 952 3977 broit,
971 3910 1025 3964 soll
1043 3909 1088 3964 die
1107 3908 1191 3965 Stadt
1204 3908 1325 3965 vonBa·

146 3978 205 4031 und
223 3978 313 4046 eqrede'
330 3978 377 4032 bei
395 3978 499 4034 Livius.
521 4010 524 4015 ·
761 3978 841 4048 ‘gium
859 3979 889 4033 in
909 3979 1082 4035 Obaritalicn
1102 3980 1323 4036 untcrscbeideu.

182 4048 231 4105 52.
265 4055 290 4103 2.
322 4049 415 4103 Ueber
439 4049 484 4103 die
508 4048 708 4104 Coordination
797 4056 823 4103 4.
863 4050 981 4115 Tiberii,
1005 4051 1059 4106 seit
1078 4057 1110 4105 12
1129 4069 1156 4106 v.
1176 4049 1242 4107 chr.
1278 4050 1326 4107 Ihr

147 4119 709 4189 desNebensataes(qued-queesieiaset)
763 4119 838 4174 Sohn
858 4119 943 4190 Gajus
964 4122 1041 4176 starb
1064 4121 1104 4176 im
1123 4123 1149 4178 J.
1168 4127 1199 4191 4,
1224 4120 1325 4177 Lucius

147 4191 201 4245 mit
217 4190 377 4260 folgendem
396 4190 489 4245 Ablat.
509 4206 609 4245 causac
634 4209 654 4244 s.
675 4209 708 4244 zu
762 4197 778 4244 2
798 4209 824 4246 n.
845 4191 907 4245 Chr.

147 4281 190 4332 cp.
210 4268 253 4317 35.
798 4268 823 4316 6.
851 4263 944 4316 Ueber
963 4262 988 4310 ct
1006 4260 1046 4313 als
1065 4261 1164 4318 drittes
1184 4260 1325 4335 baugueri

184 4340 208 4388 3.
241 4333 298 4387 Das
317 4332 433 4401 Subject
454 4349 509 4386 von
534 4333 709 4401 quaesivisset
763 4349 783 4386 s.
803 4331 876 4387 Einl.
897 4338 920 4398 ς,
943 4333 990 4383 61.
