2722 4762
164 173 228 239 118
302 155 305 159 ’
478 171 653 228 coauaau
671 170 800 229 risui
818 171 1017 228 anamma

163 358 222 422 per
241 337 361 401 scelera
380 336 594 420 supplendum
612 336 682 400 erit.
702 335 790 400 dedit
807 335 877 419 tibi,
894 335 1040 418 Hortalo,
1058 333 1153 400 divus
1171 332 1241 420 Aug

124 442 155 491 15
166 425 345 510 pecuniam,
367 425 423 489 sed
445 446 512 489 non
536 425 735 509 conpellatus
757 445 817 489 nec
840 447 880 489 ea
901 425 973 510 lege
994 426 1032 488 ut
1055 444 1184 508 semper
1204 423 1241 488 da

165 515 355 598 languescet
374 514 496 598 alioqui
515 514 681 598 industria,
699 514 883 578 intendetur
898 512 1053 596 socordia,
1076 511 1105 576 si
1122 511 1235 577 nullus

165 606 271 668 metus
296 607 352 667 aut
375 625 459 687 spes,
482 607 515 667 et
538 603 642 667 securi
665 623 776 668 omnes
801 603 905 666 aliena
928 600 1073 666 subsidia
1096 604 1241 686 exspect

165 692 229 757 sibi
250 692 371 776 ignavi,
394 692 489 757 nobis
518 690 653 776 graves}
691 691 770 756 haec
793 695 891 775 atque
913 691 1008 774 talia,
1039 711 1239 774 quamquam

165 780 304 846 adsensu
328 782 436 845 audita
460 781 501 845 ab
524 781 575 863 iis,
598 780 713 864 quibus
737 781 846 845 omnia
868 779 1060 863 principum,
1081 778 1223 844 honesta

120 886 154 935 20
167 869 349 948 inhonesta,
372 869 504 934 laudere
524 890 594 934 mos
614 873 673 952 est,
694 869 804 953 plures
826 890 885 952 per
909 868 1074 932 silentium
1097 870 1157 932 aut
1180 889 1240 932 occ

165 981 310 1024 murmur
342 980 504 1042 excepere.
549 957 713 1040 sensitque
741 957 905 1041 Tiberius,
938 960 970 1021 et
1001 977 1075 1021 cum
1105 957 1240 1040 paulum

165 1048 293 1130 cuisset,
315 1045 453 1112 Hortalo
473 1068 507 1110 se
530 1046 735 1130 respondisse
759 1046 817 1111 ait:
840 1049 982 1110 ceterum
1001 1045 1031 1110 si
1052 1045 1202 1129 patribus
1222 1069 1241 1109 v

165 1140 227 1220 tur,
252 1136 403 1199 daturum
430 1135 541 1198 liberis
572 1135 641 1198 eius
669 1135 792 1200 ducena
815 1135 967 1199 sestertia
990 1133 1145 1218 singulis,
1169 1135 1224 1218 qui

166 1224 269 1288 virilis
303 1227 420 1288 essent.
466 1244 560 1308 egere
590 1223 647 1287 alii
674 1227 799 1308 grates:
832 1223 922 1288 siluit
944 1222 1118 1306 Hortalus,
1151 1244 1240 1306 pavo:

122 1330 155 1378 25
169 1313 274 1377 avitae
314 1311 497 1377 nobilitatis
539 1312 637 1376 etiam
673 1313 760 1377 inter
802 1316 968 1397 angustias
1004 1311 1154 1376 fortunae
1190 1316 1240 1375 ret

165 1422 269 1486 neque
287 1401 460 1465 miseratus
479 1403 529 1464 est
548 1401 685 1485 posthac
704 1400 861 1484 Tiberius,
880 1400 1030 1485 quamvis
1047 1399 1161 1466 domus
1175 1399 1240 1465 Hor

167 1489 349 1575 pudendam
373 1490 413 1553 ad
437 1489 581 1572 inopiam
605 1490 814 1555 delaberetur.

112 1580 155 1644 39
255 1577 381 1643 Eodem
400 1600 485 1643 anno
503 1578 660 1663 mancipii
677 1579 771 1643 unius
792 1579 933 1657 audacia,
953 1578 988 1643 ni
1006 1580 1132 1642 mature
1147 1578 1239 1642 subvi

165 1667 262 1751 foret,
292 1666 462 1732 discordiis
493 1668 653 1750 armisque
682 1668 830 1733 civilibus
857 1688 926 1732 rem
956 1666 1119 1751 publicam
1141 1688 1239 1750 percu

166 1755 339 1822 Posthumi
362 1757 527 1843 Agrippae
552 1779 678 1840 servuS,
713 1757 845 1821 nomine
883 1754 1045 1840 Clemens,
1086 1760 1239 1840 conperto

165 1846 307 1932 Augusti
334 1867 468 1931 pergere
498 1846 533 1909 in
560 1846 700 1910 insulam
723 1842 911 1909 Planasiam
938 1848 971 1909 et
998 1843 1112 1908 fraude
1135 1850 1194 1910 aut
1216 1867 1239 1908 v

131 1941 236 2000 atum
263 1936 446 2021 Agrippam
487 1933 569 1999 ferre
606 1934 647 1998 ad
689 1934 846 1998 exercitus
884 1932 1093 1998 Germanicos
1129 1954 1199 1997 non
1236 1958 1239 1996 ι

168 2025 275 2090 animo
300 2024 457 2106 concepit.
495 2045 574 2087 ausa
602 2023 669 2087 eius
697 2022 856 2106 inpedivit
882 2022 1019 2086 tarditas
1042 2022 1239 2086 onerariae]

167 2118 265 2196 atque
296 2113 427 2175 interim
457 2114 587 2195 patrata
620 2110 715 2175 caede
744 2111 784 2174 ad
812 2111 937 2176 maiora
959 2114 992 2175 et
1023 2111 1128 2194 magis
1151 2132 1238 2195 praev

167 2222 340 2266 conversus
362 2200 492 2264 furatur
515 2199 637 2264 cineres
664 2203 839 2283 vectusque
862 2197 982 2265 Cosam
1003 2198 1156 2263 Etruriae
1189 2221 1238 2284 pr(

166 2289 287 2353 turium
310 2289 432 2373 ignotis
455 2288 534 2353 locis
558 2310 627 2352 sese
651 2288 750 2372 abdit,
773 2289 875 2353 donec
904 2289 1025 2353 crinem
1048 2288 1238 2373 barbamque

124 2395 157 2443 10
167 2377 324 2443 mitteret:
347 2398 426 2441 nam
444 2380 549 2440 aetate
570 2381 603 2441 et
620 2377 726 2442 forma
748 2377 834 2441 haud
857 2377 1006 2441 dissimili
1024 2376 1060 2441 in
1079 2375 1238 2441 dominun

166 2472 236 2531 tum
258 2488 317 2550 per
338 2465 473 2530 idoncos
497 2470 530 2531 et
553 2466 668 2530 secreti
687 2466 755 2530 eius
779 2467 883 2531 socios
903 2465 1076 2530 crebrescit
1092 2465 1203 2530 vivere
1226 2485 1238 2529 r

167 2578 253 2640 pam,
276 2555 411 2620 occultis
434 2554 576 2638 primum
599 2555 815 2639 sermonibus,
838 2558 875 2619 ut
897 2555 999 2619 vetita
1022 2554 1137 2634 solent,
1159 2576 1236 2619 mox

166 2665 295 2709 rumore
326 2644 412 2727 apud
439 2643 664 2726 inperitissimi
696 2644 849 2728 cuiusque
878 2646 1045 2728 promptas
1074 2664 1168 2708 aures
1197 2667 1238 2708 au

167 2755 238 2797 sum
266 2733 351 2817 apud
379 2731 526 2797 turbidos
554 2754 656 2818 eoque
683 2755 769 2798 nova
800 2733 976 2816 cupientes.
1027 2736 1123 2818 atque
1155 2733 1231 2816 ipse

125 2840 156 2887 15
169 2823 344 2906 municipia
367 2821 503 2887 obscuro
540 2822 617 2905 diei,
649 2843 752 2906 neque
780 2822 952 2907 propalam
975 2821 1076 2905 aspici
1093 2843 1199 2905 neque
1222 2821 1237 2885 d

166 2911 270 2978 i'sdem
292 2911 387 2990 locis,
415 2911 471 2975 sed
499 2910 575 2995 quia
602 2911 720 2975 veritas
744 2909 815 2975 visu
839 2914 872 2975 et
894 2933 999 2994 mora,
1026 2910 1112 2976 falsa
1133 2910 1237 2975 festini

168 3005 201 3066 et
222 3001 355 3067 incertis
378 3001 555 3084 valescunt,
577 3000 783 3084 relinquebat
805 2999 926 3064 famam
949 3003 1007 3064 aut
1028 3000 1237 3082 praeveniebe

112 3090 158 3154 40
258 3089 464 3174 Vulgabatur
495 3089 626 3152 interim
652 3110 710 3171 per
737 3088 867 3152 Italiam
899 3091 1063 3153 servatum
1093 3109 1225 3152 munere

53 3236 58 3243 .
167 3177 359 3262 Agrippam,
382 3176 572 3241 credebatur
590 3176 728 3259 Romae,
752 3177 881 3260 iamque
900 3175 1027 3242 Ostiam
1049 3177 1214 3242 invectum

203 3355 246 3404 25.
283 3352 402 3404 reticeas
429 3349 482 3403 mit
514 3350 578 3404 dem
606 3350 727 3417 (lanitia
818 3357 843 3408 8.
881 3351 952 3407 Cosa
978 3351 1016 3406 ist
1044 3351 1128 3407 stadt
1154 3351 1212 3405 und

168 3421 242 3476 auch
262 3426 287 3489 ὅ,
308 3428 339 3474 11
359 3422 511 3475 modestice.
537 3427 562 3489 6,
580 3427 614 3474 42
635 3423 727 3476 coadi-
782 3422 876 3492 birge3
896 3424 998 3477 ebenso
1017 3421 1157 3477 Misenum
1175 3440 1236 3476 ua

167 3494 236 3548 toris
250 3491 364 3548 Seleuci.
385 3498 427 3559 16,
447 3497 471 3546 ὅ.
489 3492 606 3549 ¹Ebenso
621 3493 667 3546 bei
682 3492 728 3547 Ci-
820 3500 860 3548 10.
886 3494 1028 3549 dissimilis
1046 3495 1078 3547 ia
1094 3492 1134 3547 ist
1152 3487 1201 3546 iia.
1220 3512 1233 3546 ε

168 3581 242 3619 coro.
266 3563 452 3634 Dergleichen
466 3562 598 3617 Genitive
611 3564 663 3618 hat
675 3564 728 3619 Ta·
782 3564 962 3633 Prttposition
986 3563 1152 3620 bezeichnet
1177 3562 1222 3618 die

168 3636 242 3690 citus
261 3638 366 3706 (ausser
384 3635 477 3689 Germ.
497 3637 524 3702 5)
547 3652 600 3687 nur
622 3634 652 3687 in
674 3634 728 3689 den
782 3635 861 3705 hung
875 3636 942 3690 oder
955 3635 1139 3704 Hinvvsisung
1152 3635 1233 3689 auid

167 3705 270 3761 beiden
289 3713 435 3776 grosseren
453 3705 590 3773 Werkan,
609 3707 728 3760 manche
782 3705 1127 3776 glichenenGegenstand.
1142 3706 1236 3760 Aehnl

168 3779 226 3831 erst
244 3778 274 3831 in
297 3777 352 3832 den
371 3777 513 3845 Annalen,
536 3776 659 3830 ntmlich
682 3776 730 3831 bei
784 3777 819 3832 de
837 3778 894 3832 inv.
916 3784 940 3843 1,
958 3783 993 3830 44
1016 3777 1198 3832 similitudine
1222 3795 1235 3830 e

168 3849 269 3914 scieas,
288 3850 421 3915 tolerans,
447 3850 579 3916 reticeas,
598 3848 729 3917 obrepens,
783 3879 816 3888 -
836 3849 874 3903 ad
891 3865 951 3903 cam
968 3865 1024 3902 rem
1042 3849 1091 3902 ott.

170 3919 334 3988 intellegeris,
353 3921 474 3987 cupiens,
492 3925 652 3988 temperans.
819 3925 862 3974 15.
886 3920 998 3973 obserare
1016 3920 1085 3986 diei,
1109 3917 1163 3972 wie
1182 3936 1225 3987 cp.

204 3989 253 4043 39.
290 3996 315 4043 3.
356 3989 449 4044 Ueber
480 3991 535 4044 den
564 3990 730 4044 Porthmeus
781 4007 892 4045 amaram
914 3991 1009 4044 noctis,
1037 3990 1103 4044 hist.
1122 3995 1152 4056 4,
1172 3995 1207 4043 50
1230 4011 1235 4042 v

170 4059 301 4130 Agrippa
320 4077 341 4113 s.
361 4079 394 4114 zu
415 4067 439 4128 1,
458 4068 483 4115 3.
585 4105 588 4109 J
783 4063 873 4116 adbuc
891 4065 997 4130 coeptae
1016 4061 1093 4116 lacis.

205 4137 229 4186 6.
267 4146 366 4185 accim
389 4131 431 4184 als
455 4131 631 4200 Substanfflv,
656 4132 729 4186 auch
820 4138 861 4188 17.
893 4133 1026 4187 calescere
1051 4131 1103 4185 bat
1121 4130 1235 4185 Tacitus

170 4209 200 4271 3,
220 4208 254 4257 66
282 4202 486 4268 impudentibus
515 4205 597 4258 casis.
628 4209 674 4271 13,
694 4208 728 4256 47
781 4203 885 4272 jedoch
904 4206 962 4258 erst
980 4203 1009 4257 in
1028 4203 1083 4257 den
1100 4207 1235 4272 grisserei

171 4274 278 4328 acilius
295 4274 359 4328 ausi
372 4289 475 4341 capam
495 4275 552 4327 erst
565 4273 619 4328 seit
627 4273 728 4343 virgil,
782 4274 851 4339 ken3
875 4291 971 4329 ausser
992 4274 1052 4329 ihm
1074 4291 1128 4328 nur
1146 4273 1232 4328 Dicht

170 4343 341 4400 dichterisch
359 4343 417 4398 und
434 4343 651 4398 nachklassisch.
784 4343 908 4415 Sp‘atere.
