2722 4762
406 221 516 277 arana
533 220 607 277 xvr.
630 220 709 277 cnr.
729 228 843 277 aa-ae.
1146 214 1214 281 235

98 396 103 433 r
131 392 232 456 regno
260 371 469 455 adventabat,
502 376 540 435 ut
567 372 608 436 ad
638 375 771 436 externa
800 372 984 437 rumoribus
1012 374 1205 439 intestinum

98 481 133 525 us
157 460 397 543 obscuraretur,
426 482 468 524 an
496 464 534 523 ut
555 460 815 546 magnitudinem
842 460 1087 544 imperatoriam
1109 461 1260 533 caedere

98 548 209 633 gnium
232 548 375 612 virorum
398 548 491 633 quasi
514 549 604 633 regio
629 548 771 613 facinore
795 552 982 614 ostentaret.

118 636 224 721 Igitur
252 637 341 700 omni
369 636 499 702 civitate
528 637 569 701 ad
597 637 819 721 excipiendum
849 637 1028 721 principem
1058 640 1262 722 speciae-24

98 747 170 809 rque
192 745 302 809 regem
326 725 440 809 effusa,
464 725 609 789 Thrasea
632 746 765 790 occursu
786 726 970 809 prohibitus
989 748 1056 791 non
1076 726 1210 791 demisit

98 836 182 896 num,
202 814 256 877 sod
272 814 435 878 codicillos
451 814 492 877 ad
505 812 669 878 Neronem
684 814 878 899 composuit,
896 815 1063 899 requirens
1078 815 1210 879 obieeta
1290 866 1294 875 .

98 905 336 987 :xpurgaturum
360 903 567 985 adseverans,
596 903 624 966 si
647 902 801 967 notitiam
826 903 997 967 criminum
1021 907 1054 968 et
1077 904 1207 987 copiam

97 991 171 1054 endi
202 991 378 1055 habuisset.
425 1012 479 1056 eos
513 991 677 1056 codicillos
710 989 797 1055 Nero
830 995 1042 1075 properanter
1074 992 1244 1075 accepite

103 1080 292 1143 exterritum
311 1079 488 1143 Thraseam
507 1080 674 1162 scripsisse
695 1101 753 1162 per
772 1102 854 1163 quae
873 1080 1100 1144 claritudinem
1119 1080 1208 1163 prin-

98 1190 108 1231 s
138 1168 304 1231 extolleret
332 1189 487 1251 suamque
515 1168 636 1231 famam
664 1168 900 1232 dehonestaret.
946 1169 1032 1253 quod
1060 1170 1116 1233 ubi
1140 1191 1208 1233 non

98 1257 136 1320 rit
159 1257 347 1339 vultumque
371 1261 404 1319 et
427 1256 560 1339 spiritus
584 1260 617 1319 et
639 1256 824 1320 libertatem
851 1258 992 1321 insontis
1016 1258 1102 1321 ultro
1127 1258 1208 1321 exti-

97 1350 125 1427 t,
148 1346 257 1409 voeari
280 1348 389 1427 patres
413 1346 510 1408 iubet.

117 1434 201 1497 Tum
220 1432 364 1496 Thrasea
387 1434 472 1496 inter
494 1432 659 1515 proximos
683 1433 891 1516 consultavit,
915 1437 1130 1517 temptaretne
1150 1432 1257 1499 ‹ie-25

98 1523 207 1586 ionem
225 1543 269 1585 aa
288 1525 459 1604 sperneret.
497 1522 623 1584 diversa
647 1522 784 1586 consilia
808 1521 1045 1586 adferebantur.
1086 1522 1203 1606 quibus

98 1611 142 1674 ari
166 1610 288 1673 curiam
312 1610 473 1693 placebat,
498 1631 627 1673 securos
651 1630 720 1673 esse
743 1610 781 1673 de
806 1611 991 1674 constantia
1015 1610 1084 1674 eius
1104 1610 1204 1675 disse·

98 1723 115 1783 ³3
144 1699 226 1762 nihil
254 1698 416 1762 dicturum
438 1699 502 1761 nisi
526 1719 589 1781 quo
614 1698 751 1781 gloriam
776 1702 923 1782 augeret,
952 1719 1067 1783 segnes
1092 1701 1124 1761 et
1146 1721 1204 1781 pa-

102 1810 116 1851 s
149 1788 308 1869 supremis
340 1788 406 1850 suis
437 1790 593 1850 secretum
623 1786 829 1854 circumdare.
876 1788 1035 1869 aspiceret
1063 1788 1238 1869 populust

98 1900 130 1939 m
159 1876 257 1939 morti
287 1876 432 1957 obvium,
465 1874 590 1938 audiret
620 1878 751 1938 senatus
782 1896 876 1938 voees
908 1875 999 1959 quasi
1031 1897 1069 1937 ex
1093 1876 1202 1959 aliquo

98 1966 157 2029 rinc
182 1986 279 2046 supra
302 1964 475 2027 humanas:
504 1985 599 2046 posse
627 1964 698 2045 ipso
726 1963 881 2027 miraculo
911 1965 1009 2026 etiam
1037 1962 1202 2028 Neronem

98 2053 213 2117 noveri.
260 2054 310 2115 sin
334 2052 515 2115 crudelitati
539 2051 717 2133 insisteret,
747 2051 903 2136 distingui
926 2055 1011 2116 certe
1036 2052 1120 2134 apud
1144 2074 1201 2135 po·

98 2164 128 2206 'rs
152 2141 343 2205 memoriam
367 2141 496 2204 honesti
526 2140 631 2203 exitus
660 2140 701 2202 ab
725 2140 855 2224 ignavia
878 2162 934 2223 per
959 2140 1123 2203 silentium
1146 2162 1201 2224 pe·

98 2232 196 2294 rtiurn.
1222 2248 1256 2297 10

114 2317 236 2383 Contra
260 2318 314 2400 qui
339 2316 567 2400 opperiendum
591 2317 701 2380 domui
724 2317 913 2400 censebant,
942 2318 980 2380 dc
1004 2318 1075 2401 ipso
1099 2316 1200 2381 Thra
1210 2316 1254 2379 26

102 2407 227 2489 eadem,
256 2406 311 2469 sed
334 2406 475 2469 ludibria
498 2410 531 2469 et
553 2406 766 2469 contumelias
789 2406 973 2470 imminere:
998 2405 1202 2470 subtraheret

98 2519 117 2559 s
137 2495 288 2560 conviciis
308 2498 341 2557 et
358 2495 494 2577 probris
530 2515 596 2557 non
617 2494 721 2557 solum
742 2493 971 2558 Cossutianum
991 2496 1048 2559 aut
1064 2492 1201 2577 Eprium

98 2586 192 2647 scelus
217 2587 399 2666 promptos:
424 2604 591 2665 superesse
610 2583 665 2666 qui
684 2582 820 2645 forsitan
845 2606 961 2646 manus
981 2583 1126 2667 ictusque
1144 2604 1203 2665 per

98 2674 261 2735 anitatem
289 2672 447 2755 ingesturi
471 2672 551 2755 sint,
583 2672 681 2734 etiam
709 2672 813 2733 bonos
837 2674 926 2735 rnctu
950 2672 1049 2754 sequi.
1095 2670 1237 2737 detra-5

110 2918 276 2971 acze-enatae
300 2916 351 2969 mit
371 2916 435 2969 diem
454 2916 517 2969 Dat.
539 2933 585 2985 ge·
675 2912 723 2969 ⁴25.
751 2920 774 2968 5.
802 2914 970 2967 circumdare
993 2914 1023 2967 in
1045 2914 1202 2983 tropiseher

98 2988 176 3041 .wie
196 2995 225 3055 (5,
241 2994 273 3040 43
293 2988 445 3040 reddendae
463 2988 585 3040 doraiau·
642 2985 805 3053 lterloutung
827 2984 881 3037 wie
910 2992 954 3051 14,
976 2990 1008 3038 15
1025 2987 1090 3053 pelas
1109 2986 1201 3039 libidi-

105 3058 585 3125 rescisse.15‚2laeeipiearlodiede-
639 3073 706 3109 rerem
720 3056 904 3109 eirereradedit.
926 3062 958 3109 53
973 3058 1093 3123 prebere
1108 3086 1141 3093 —
1153 3072 1200 3123 pe·

115 3131 146 3183 ia
171 3130 265 3183 arbeae
286 3130 385 3181 eeaire.
470 3128 525 3181 Ver
548 3129 586 3181 od
640 3128 758 3180 careium.
777 3126 842 3181 hist.
862 3133 888 3192 4,
905 3133 939 3179 45
955 3129 1099 3193 planetum
1117 3132 1142 3180 et
1161 3127 1200 3180 la-

100 3218 137 3253 na
156 3200 242 3254 sohob
261 3199 404 3252 Acidalius
423 3202 507 3252 versis·
532 3199 584 3266 ein,
639 3203 730 3251 trecate
762 3202 786 3250 et
821 3214 1009 3266 supremorum
1045 3198 1202 3267 irreaqiaem,

97 3271 202 3341 jedoeh
222 3270 396 3324 entbehrlich
416 3270 461 3323 ist.
640 3269 697 3321 und
716 3268 796 3323 litter.

228 3414 233 3424 ,
259 3413 264 3423 ,
677 3364 700 3409 8.
727 3358 851 3410 insistere
874 3359 943 3411 statt
963 3362 1086 3425 perstare
1109 3358 1141 3411 ia
1162 3374 1201 3423 re,

99 3450 108 3467 ·
130 3420 158 3494 ¹2
173 3413 371 3481 mllmll'lll'll·
404 3411 442 3463 ΕΓ
455 3411 521 3464 kam
531 3428 585 3501 ,¹1th
640 3427 694 3480 wie
708 3434 733 3491 2,
749 3434 781 3480 21
797 3429 952 3483 iresietereat
964 3429 1098 3482 ereditas.
1114 3434 1139 3495 4,
1156 3434 1199 3482 60.

98 3501 209 3552 pamen,
232 3483 372 3536 naohdem
394 3482 495 3535 erden
515 3481 587 3534 'lrn-
640 3499 705 3552 hisp·
725 3506 749 3565 2,
769 3504 803 3552 lo
822 3500 888 3567 3„st

98 3574 103 3607 ³
118 3554 147 3607 in
162 3554 272 3622 Neam
287 3552 455 3621 mnpfangen
469 3552 556 3605 haim·
677 3594 701 3639 9.
720 3588 842 3655 iprreriu
862 3586 926 3654 Vgl.
937 3602 980 3654 cp.
997 3592 1029 3639 16
1045 3590 1100 3639 tarn
1114 3586 1202 3653 sepni-

112 3659 228 3697 oeerersa
254 3644 422 3709 prohibitas,
451 3641 496 3695 ein
526 3640 585 3693 Zei-
641 3663 680 3711 p„
694 3662 845 3725 pappum&

109 3714 159 3767 der
170 3713 313 3783 Ungnade,
329 3713 381 3765 wie
394 3718 435 3780 ra,
446 3719 479 3765 23
498 3712 586 3765 Thra·

106 3786 277 3852 prohibitura
286 3786 387 3837 inmoto
402 3785 495 3836 arataeo
508 3799 586 3850 prae·
677 3798 726 3852 23,
742 3804 766 3851 1,
777 3799 878 3862 domu„
889 3798 952 3851 301„-
961 3794 1205 3851 septeneschreib.

98 3858 152 3909 iane
166 3856 333 3908 imminentis
347 3855 437 3909 caedis
452 3859 587 3907 corrtreme-
641 3872 685 3923 art
703 3871 774 3923 ,gapt
792 3870 872 3923 ,pomp

109 3942 250 3994 mefflsse'
677 3964 702 4011 4.
731 3974 828 4011 enarras
856 3955 1018 4010 bezeichnet
1044 3954 1084 4009 im
1108 3956 1204 4025 Allgo-

112 4039 267 4091 resapere
295 4024 365 4076 staec
388 4038 526 4089 hennom,
554 4021 584 4074 in
641 4029 752 4083 meineri
767 4026 1004 4095 'rhacrlchkeieea
1019 4026 1203 4095 wienrohen,

99 4113 129 4147 m
149 4094 233 4176 Sinne
252 4112 304 4147 nur
322 4094 395 4147 noch
409 4092 455 4146 bei
469 4093 585 4145 Plautus
641 4099 802 4169 Angreifen,
823 4098 978 4152 Schfittpln,

99 4164 214 4219 Gelhu*
677 4194 701 4241 5.
730 4188 865 4256 terpestari
891 4188 948 4240 siat
979 4186 1018 4240 ist
1045 4186 1106 4240 eine
1134 4183 1202 4237 Ver-

102 4263 221 4329 spiritas
235 4261 274 4313 im
287 4261 381 4315 l'lural
397 4262 468 4314 auch
484 4278 526 4329 cp.
542 4268 588 4317 26.
641 4260 793 4327 bosserung
820 4275 875 4311 von
898 4257 1028 4311 Heinsius
1055 4256 1126 4309 statt
1153 4255 1202 4309 des

98 4342 111 4386 l.
133 4340 174 4399 13,
195 4338 227 4386 21
248 4333 304 4386 und
319 4332 365 4385 bei
379 4332 549 4385 Klassikcrn.
641 4328 837 4383 handsehriftl.
857 4330 980 4399 erogasti.
