2722 4762
331 177 455 283 ‘LIBER
471 177 506 232 Π.
544 176 622 233 cAP.
643 184 756 234 11-11.
1083 179 1146 243 131

98 342 106 404 1
144 338 358 404 Germanicus
389 338 540 425 Aegypto
580 362 727 405 remeans
769 344 897 425 cuncta,
938 363 1020 426 quae
1062 343 1148 427 apud
1158 344 1201 407 69

98 451 117 492 s
152 432 209 493 aut
231 428 327 493 urbes
359 428 510 512 iusserat,
534 429 656 493 abolita
687 429 738 493 vel
764 430 799 493 in
831 431 1028 496 contrarium
1055 453 1150 496 versa

98 518 149 582 cit.
177 517 254 580 hine
287 537 401 601 graves
433 518 468 581 iri
500 516 653 582 Pisonem
692 519 918 602 contumeliae,
949 541 1009 584 nec
1040 521 1149 585 minus

123 627 205 690 quae
239 607 280 670 ab
303 605 361 670 illo
393 606 428 670 in
461 605 632 671 Caesarem
667 607 922 672 intentabantur.
969 608 1044 672 dein
1070 607 1147 673 Piso

98 693 181 758 turia
211 695 335 758 statuit.
364 716 441 760 mox
466 695 600 760 adversa
623 694 807 760 Germanici
829 697 1015 761 valetudine
1039 697 1149 771 deten-
1168 713 1183 760 5

98 783 115 847 »i
137 786 318 848 recreatum
341 784 466 866 aceepit
487 788 627 868 votaque
649 807 709 868 pro
732 785 956 850 incolumitate
980 786 1148 850 solveban-

98 875 204 936 motas
222 871 356 955 hostias,
376 873 585 937 sacrificalem
601 876 802 957 apparatum,
820 873 937 938 festam
950 873 1149 938 Antiochen-

98 961 209 1024 debem
228 982 287 1043 per
304 961 434 1025 lictores
452 962 633 1044 proturbat.
668 967 739 1025 tum
759 960 937 1044 Seleuciam
956 963 1149 1047 degreditur,

98 1070 148 1114 ens
187 1049 437 1134 aegritudinem,
474 1071 556 1135 quae
592 1072 720 1114 rursum
751 1048 943 1115 Germanico
980 1051 1149 1115 acciderat.

98 1138 188 1201 irim
207 1138 313 1202 morbi
338 1139 479 1223 augebat
501 1139 667 1222 persuasio
691 1140 808 1203 veneni
831 1161 851 1202 a
868 1139 987 1204 Pisone
1010 1140 1193 1224 accepti310

98 1226 265 1290 riebantur
283 1227 352 1291 solo
373 1249 410 1291 ac
428 1227 607 1310 parietibus
622 1231 732 1291 erutae
750 1227 965 1292 humanorum
980 1249 1149 1311 corporum

98 1336 139 1398 ae,
164 1316 308 1379 carmina
331 1320 364 1379 et
387 1316 573 1380 devotiones
598 1320 630 1380 et
647 1337 767 1380 nomen
785 1314 969 1380 Germanici
987 1317 1149 1399 plumbeis

106 1404 322 1488 insculptum,
347 1405 481 1468 semusti
500 1405 622 1468 cineres
642 1426 679 1469 ao
697 1405 773 1468 tabe
793 1404 887 1470 obliti
906 1406 1033 1488 aliaque
1050 1405 1149 1468 male-

98 1492 149 1556 uis
182 1491 324 1556 creditur
351 1494 477 1557 animas
509 1493 697 1557 numinibus
720 1494 856 1557 infernis
889 1494 1017 1557 sacrari.
1054 1493 1150 1557 simul

98 1602 111 1643 a
134 1580 252 1644 Pisone
275 1581 509 1645 incusabantur
537 1585 573 1646 ut
599 1580 794 1646 valetudinis
823 1583 959 1646 adversa
985 1581 1148 1646 rimantes.
1161 1595 1193 1643 15

98 1691 114 1732 a
139 1667 331 1735 Germanico
355 1670 442 1734 haud
464 1671 570 1734 minus
593 1671 643 1734 ira
667 1692 763 1754 quam
786 1691 845 1754 per
867 1674 989 1735 metum
1008 1673 1149 1754 accepta.
1161 1669 1204 1732 70

98 1780 127 1821 en
151 1758 360 1840 obsideretur,
383 1759 411 1823 si
435 1758 644 1823 effundendus
669 1759 801 1842 spiritus
831 1759 890 1823 sub
920 1759 1021 1824 oculis
1044 1759 1149 1822 inimi-

110 1846 210 1929 foret,
239 1846 314 1930 quid
338 1847 451 1910 deinde
474 1848 674 1911 miserrimae
698 1848 841 1931 coniugi,
870 1848 946 1931 quid
969 1847 1149 1911 infantibus

112 1935 328 1999 eventurum?
352 1936 440 1999 lenta
468 1936 570 2000 videri
593 1936 761 2000 veneficia:
789 1936 943 1999 festinare
967 1939 1000 1999 et
1026 1956 1150 2020 urgere,

98 2023 250 2107 vinciam,
272 2028 310 2088 ut
332 2024 476 2109 legiones
500 2025 587 2088 solus
619 2024 748 2089 habeat.
785 2024 841 2088 sed
877 2046 945 2088 non
980 2045 1080 2109 usque
1112 2037 1186 2088 eo·5

98 2135 137 2175 nn
153 2111 389 2195 Germanicum,
403 2135 508 2196 neque
527 2114 672 2196 praemia
686 2113 792 2178 caedis
808 2113 892 2196 apud
911 2112 1152 2176 interfectorem

98 2222 138 2264 ra.
175 2201 341 2283 componit
374 2202 544 2285 epistulas,
574 2203 646 2285 quis
675 2202 852 2265 amicitiam
875 2202 905 2265 ei
927 2202 1151 2284 renuntiabat3

98 2331 99 2343 .
122 2288 269 2372 plerique
296 2290 419 2354 iussum
442 2290 610 2374 provincia
632 2290 792 2354 decedere.
818 2312 877 2354 nec
900 2290 977 2355 Piso
1005 2294 1152 2355 moratus

98 2377 178 2442 ravis
203 2377 310 2456 solvit,
333 2379 623 2462 moderabaturque
647 2379 768 2462 cursui,
800 2401 863 2463 quo
889 2379 1023 2462 propius
1045 2398 1151 2462 regre-

98 2489 114 2549 τ,
139 2465 168 2530 si
190 2487 279 2531 mors
303 2466 487 2532 Germanici
510 2465 639 2531 Suriam
663 2468 849 2551 aperuisset.
1164 2481 1197 2528 10

98 2576 188 2618 cesar
210 2555 376 2638 paulisper
399 2556 439 2620 ad
463 2578 553 2640 spem
576 2559 711 2639 erectuS,
734 2556 809 2619 dein
827 2556 913 2620 fesso
933 2575 1077 2638 corpore,
1095 2555 1151 2618 ubi
1164 2553 1204 2616 11

98 2643 209 2726 derat,
242 2643 435 2709 adsistentes
460 2645 581 2710 amicos
604 2644 640 2708 in
671 2645 757 2708 hunc
789 2644 920 2709 modum
953 2643 1152 2728 adloquitur:

99 2754 118 2796 o
157 2732 377 2817 concederem,
409 2734 512 2797 iustus
548 2733 630 2797 mihi
658 2733 750 2797 dolor
777 2734 876 2797 etiam
900 2733 1053 2796 adversus
1077 2732 1153 2796 deos
1182 2741 1185 2748 '

98 2963 102 2976 .
120 2923 214 2977 Ueber
224 2924 279 2978 den
288 2924 404 2979 Ablativ
414 2924 538 2996 Aeqypto
593 2931 627 2980 98
647 2926 768 2979 animam
790 2925 862 2977 boae
885 2923 1030 2990 effundere.
1050 2923 1154 2976 -sub

113 2998 135 3058 5.
155 2999 199 3049 34.
593 2997 688 3061 oculis,
707 3014 726 3050 s.
746 3013 779 3048 zu
798 3011 841 3063 cp.
860 2999 904 3050 35.

98 3066 140 3118 ire
158 3065 256 3132 Staio,
274 3065 327 3121 wie
346 3083 389 3135 cp.
410 3072 444 3120 19
464 3067 540 3122 ubire
594 3137 612 3191 J
629 3073 653 3190 lr
688 3067 790 3133 liberis,
807 3064 931 3119 nbmlich
950 3062 1079 3132 Caligula
1097 3063 1154 3118 und

612 3156 630 3190 u
653 3155 678 3190 a.

98 3207 237 3274 rarificatis
259 3225 313 3260 nur
334 3207 396 3261 hier
417 3207 475 3261 und
495 3207 542 3261 bei
632 3215 656 3262 6.
689 3208 821 3274 desectum
853 3205 911 3261 scil.
944 3205 1051 3260 uiribus
1078 3207 1155 3272 „ent-

98 3295 126 3331 n
141 3308 175 3316 -
189 3277 342 3332 Antiochia
360 3295 406 3332 am
424 3280 542 3332 unteren
595 3278 730 3345 kraftet“,
748 3279 801 3331 wie
820 3283 845 3345 4,
864 3283 898 3330 29
917 3277 1018 3343 defecto
1036 3291 1155 3344 corpore.

98 3347 134 3402 les
166 3347 300 3416 Orontes;
333 3349 460 3403 Seleucia
492 3349 541 3418 lag
594 3349 627 3402 ln
645 3350 751 3403 diesem
771 3347 855 3402 Sinna
878 3347 1007 3416 poetisch
1025 3365 1052 3401 u.
1070 3348 1156 3402 nach·

98 3417 540 3488 ilenwestlicher,anderK1'iste.
595 3419 742 3474 lrlassisch.

98 3504 120 3543 11
137 3506 194 3544 von
210 3489 353 3546 Personen
376 3490 463 3544 findet
482 3490 543 3544 sich
633 3497 657 3544 1.
676 3490 815 3558 epistulae.
834 3489 926 3544 Ueber
945 3489 1000 3542 den
1017 3488 1115 3541 Plural
1133 3505 1155 3541 s.

98 3577 123 3615 11.
597 3580 630 3615 zu
651 3568 664 3614 1
694 3567 738 3615 30.

98 3631 187 3754 epredi
214 3631 304 3686 heisst
328 3631 358 3685 in
384 3631 541 3685 naehldass.
633 3637 657 3687 9.
667 3603 793 3701 ’propius
807 3631 904 3700 „mehr
917 3646 967 3684 aus
981 3629 1031 3683 der
1045 3628 1154 3695 Nahe‘a

98 3702 213 3754 etnur
231 3701 454 3771 „hinabgehen‘·,
480 3719 543 3756 son·
597 3702 650 3756 wie
673 3708 705 3769 4,
730 3708 746 3756 5
774 3703 850 3756 haud
870 3702 968 3769 procul
991 3701 1155 3754 ordirentur.

98 3770 117 3824 le
125 3772 247 3827 1111111111
260 3773 333 3827 auch
344 3773 543 3842 „weggehen“.
598 3780 622 3840 6,
642 3779 676 3827 26
697 3774 815 3841 propias
837 3773 941 3825 viseret.
975 3776 1017 3838 13,
1036 3776 1070 3824 51
1092 3786 1157 3838 pro·

98 3840 225 3896 briftlich
252 3843 329 3898 steht
352 3861 381 3898 es
404 3844 434 3896 in
454 3844 544 3897 dieser
593 3846 662 3914 pias
680 3844 783 3898 cadim.
810 3841 846 3896 So
865 3843 928 3911 sngt
947 3842 1034 3896 sehon
1048 3841 1158 3897 Cicero:

98 3913 221 3983 anghier
229 3913 288 3968 und
299 3919 324 3980 4,
340 3920 382 3968 13.
394 3920 435 3968 14.
448 3920 490 3983 11,
501 3919 543 3968 21.
593 3915 714 3984 propias
746 3914 856 3980 audire,
885 3914 985 3981 procul
1008 3913 1158 3980 defendere,

98 3983 545 4054 risaisubstantivisoh,schonbei
599 3985 712 4040 Caesar:
736 3986 837 4054 procul
861 3986 916 4038 telo
941 3985 1086 4050 condicere,
1112 3982 1158 4037 Li·

98 4069 114 4108 1.
129 4071 157 4178 ἕ.
181 4060 206 4122 5,
225 4062 273 4123 40,
300 4055 375 4109 dann
401 4055 474 4110 diter
498 4055 545 4108 bei
599 4057 675 4111 vius:
694 4056 823 4125 locuturi,
843 4054 950 4110 Sallust
963 4056 1020 4109 und
1035 4053 1157 4109 Curtius:

148 4141 164 4180 o
192 4126 347 4194 gebraucht
375 4126 478 4180 Caesar
502 4126 544 4179 (11·-
598 4129 690 4182 visae.

112 4193 205 4250 Livius
229 4199 389 4268 praemissi,
420 4196 546 4266 Vellejus
637 4198 685 4253 11.
704 4203 730 4250 3.
749 4198 808 4264 sato
823 4197 908 4266 (Abl.)
928 4198 1068 4252 concedere
1082 4196 1158 4251 eines

98 4265 126 4330 b',
142 4265 252 4322 Curtius
269 4269 438 4322 nuatioture'.
599 4268 777 4322 natdrliehen
805 4267 896 4322 Todes
924 4268 1037 4322 sterben
1065 4269 1106 4334 (4,
1124 4271 1158 4319 38

99 4339 122 4389 2.
138 4338 282 4405 effmrdere,
299 4339 354 4394 wie
368 4338 447 4408 Virg.
467 4340 500 4394 A.
522 4345 545 4406 1,
600 4339 658 4393 und
677 4340 760 4408 dfter)
779 4338 818 4393 ist
837 4338 973 4393 silbernes
991 4338 1100 4392 Latein.
