2722 4762
146 193 212 258 252

146 360 225 439 tam,
248 354 328 420 adeo
351 375 508 438 properus
539 357 577 416 ut
604 373 644 416 ne
673 352 777 436 spatio
805 351 935 437 quidem
962 350 1004 415 ad
1031 349 1222 416 enitendum
1248 351 1319 417 dato

466 190 639 247 CORNELII
656 189 780 245 Taum
797 188 996 245 ansatum

146 444 317 527 penatibus
351 442 417 506 suis
446 441 612 527 gravidam
640 440 809 506 induxerit.
851 440 976 505 nullam
1006 438 1149 523 posthac
1176 439 1319 505 subolem

105 549 138 598 10
149 531 258 616 edidit,
281 531 337 595 sed
361 530 513 616 sanguini
536 528 678 615 Augusti
701 550 759 613 per
783 529 1043 595 coniunctionem
1066 526 1269 614 Agrippinae
1289 531 1319 593 et

148 619 334 687 Germanici
372 619 496 684 adnexa
532 639 717 683 communes
751 620 946 701 pronepotes
990 615 1116 683 habuit.
1153 616 1317 683 sanctitate

148 708 261 773 domus
285 709 427 792 priscum
451 706 492 772 ad
515 728 652 789 morem,
675 706 775 770 comis
799 706 1006 790 ultraquam
1024 704 1170 789 antiquis
1194 704 1314 770 feminis

147 797 331 881 probatum,
354 800 458 861 mater
481 794 646 879 inpotens,
668 816 750 859 uxor
771 794 879 858 facilis
903 797 935 858 et
958 814 1032 858 cum
1055 793 1183 859 artibus
1206 793 1315 878 mariti,

149 886 355 951 simulatione
383 884 444 949 filii
470 884 552 948 bene
575 883 762 966 composita.
798 881 897 947 funus
928 882 998 948 eius
1021 881 1201 967 modicum,
1226 884 1315 947 testa·
1349 938 1351 971 ,

104 977 292 1039 rumentum
316 975 371 1039 diu
394 973 528 1037 inritum
551 972 623 1036 fuit.
658 971 791 1036 laudata
813 975 863 1071 est
884 992 944 1054 pro
963 970 1080 1036 rostris
1104 992 1126 1034 a
1143 968 1227 1036 Gaio
1246 967 1314 1036 eac
1348 976 1351 1023 ἲ

119 1084 219 1216 2sare
239 1061 985 1233 prtoqqpqtpqsqupufflloxsurgrrffispffttllpagsgin
1013 1146 1134 1213 officiis
1160 1146 1314 1232 defuisset,

148 1239 231 1304 nihil
254 1242 380 1303 mutata
403 1237 596 1302 amoenitate
618 1238 720 1320 vitae,
747 1235 1005 1321 magnitudinem
1031 1235 1242 1319 negotiorum
1265 1256 1315 1320 per

148 1328 276 1391 litteras
300 1325 472 1403 excusavit,
494 1325 697 1410 honoresque
724 1325 898 1390 memoriae
922 1325 989 1389 eius
1020 1323 1061 1388 ab
1089 1327 1208 1390 senatu
1233 1325 1313 1411 large

153 1415 298 1480 decretos
336 1414 429 1499 quasi
465 1435 524 1497 per
559 1413 752 1479 modestiam
788 1412 966 1496 imminuit,
1001 1412 1115 1497 paucis
1152 1412 1314 1479 admodum

115 1520 132 1570 t
151 1503 291 1586 receptis
315 1506 348 1567 et
371 1501 481 1567 addito
504 1523 545 1566 ne
568 1503 717 1567 caelestis
739 1502 854 1587 religio
881 1502 1112 1566 decerneretur.
1150 1502 1198 1567 sic
1219 1502 1314 1586 ipsam

137 1592 312 1656 'maluisse
350 1592 428 1675 quin
451 1595 484 1656 et
505 1594 599 1674 parte
622 1590 766 1655 eiusdem
789 1591 946 1675 epistolae
974 1589 1137 1673 increpuit
1164 1590 1314 1657 amicitias

150 1681 340 1765 muliebres,
370 1678 498 1744 Fufium
529 1679 695 1744 consulem
727 1679 857 1763 oblique
883 1679 1117 1763 perstringens.
1159 1679 1189 1743 is
1216 1678 1314 1765 gratia

150 1769 319 1854 Augustae
342 1769 505 1853 floruerat,
528 1772 624 1853 aptus
648 1767 836 1832 adliciendis
859 1767 1054 1832 feminarum
1076 1767 1210 1853 animis,
1231 1767 1314 1833 dicax

150 1858 236 1923 idem
259 1862 291 1922 et
310 1857 475 1922 Tiberium
494 1857 618 1922 acerbis
636 1856 763 1921 facetiis
781 1856 919 1947 inridere
937 1856 1061 1940 solitus,
1084 1877 1222 1940 quarum
1239 1854 1313 1941 apud

104 1963 138 2013 10
147 1951 376 2030 praepotentes
399 1948 433 2010 in
455 1947 591 2031 longum
614 1945 771 2010 memoria
793 1949 851 2010 est

116 2036 137 2101 3
237 2033 388 2099 Ceterum
410 2056 450 2097 ex
472 2056 510 2103 eo
537 2036 713 2117 praerupta
739 2033 806 2098 iam
829 2038 863 2097 et
885 2053 1004 2118 urgens
1028 2032 1226 2117 dominatio;
1247 2053 1312 2097 nau

148 2123 301 2187 incolumi
323 2125 475 2208 Augusta
503 2125 572 2186 erat
600 2120 704 2187 adhuc
731 2121 926 2207 perfugium,
949 2121 1026 2206 quia
1048 2118 1180 2187 liberio
1201 2121 1310 2187 iuvate

148 2214 256 2275 ratum
280 2231 357 2295 erga
379 2215 517 2275 matrem
540 2210 738 2294 obsequium,
761 2232 865 2295 neque
889 2208 1023 2275 Seianus
1047 2209 1191 2275 audebat
1212 2212 1309 2276 aucte

147 2298 238 2363 rituti
261 2299 404 2381 parentis
428 2298 564 2363 anteire:
587 2303 665 2363 tunc
688 2300 776 2365 velut
798 2299 898 2363 frenis
928 2298 1068 2364 exsoluti
1096 2299 1309 2383 proruperunt

112 2386 331 2469 emissaeque
359 2387 394 2450 in
418 2387 644 2471 Agrippinam·
658 2409 695 2452 ac
717 2385 883 2452 Neronem
912 2387 1058 2470 litterae,
1088 2409 1171 2472 quas
1220 2386 1309 2453 rideu

148 2474 272 2541 adlatas
306 2479 338 2538 et
366 2474 526 2540 cohibitas
556 2476 597 2539 ab
622 2475 772 2561 Augusta
794 2476 931 2541 credidit
958 2476 1089 2560 vulgus,
1116 2474 1184 2541 hau
1235 2474 1308 2541 euim

147 2563 285 2627 multum
308 2567 383 2648 post
406 2567 544 2628 mortem
563 2564 632 2629 eius
655 2564 809 2629 recitatae
833 2568 918 2630 sunt.
953 2564 1053 2629 verba
1074 2563 1206 2630 inerant
1227 2582 1307 2649 quae

148 2651 212 2716 sita
235 2653 424 2736 asperitate,
453 2653 508 2717 sed
535 2674 603 2717 uon
625 2675 729 2737 arma,
757 2675 824 2718 uon
850 2675 958 2718 rerum
981 2673 1141 2717 novarum
1169 2651 1305 2733 studium,

184 2869 208 2918 8.
228 2864 296 2917 caiti
314 2863 386 2918 ohne
407 2861 518 2933 Object,
539 2863 611 2918 nach
629 2863 707 2933 Virg.

146 2934 216 2989 Aen.
236 2939 261 3002 3,
280 2940 332 2988 32⁵1
355 2935 466 2988 seruitio
484 2936 589 2990 ccicac.
617 2933 708 2989 Eheu·

149 3021 178 3059 so
199 3004 245 3058 bei
264 3005 369 3059 Suetou
388 3005 445 3059 und
464 3004 628 3071 Quintilian.

184 3081 226 3130 10.
254 3092 307 3143 per
325 3077 541 3131 coniunctionem
560 3079 608 3131 ott.
642 3075 707 3130 Ger·

148 3146 274 3199 manicas
297 3145 336 3198 ist
360 3146 409 3200 der
431 3145 523 3200 Eukel
545 3147 596 3200 der
617 3145 707 3215 Livia,

146 3215 304 3284 Agrippina
312 3216 358 3270 die
368 3215 489 3270 Eukeliu
499 3217 547 3270 des
555 3217 706 3285 Augustus.

186 3291 228 3338 13.
260 3286 386 3352 inpotens
413 3303 487 3353 „rou
509 3286 708 3341 leideuschait·

147 3355 235 3409 licher
257 3354 344 3409 Liebe
375 3373 409 3408 zu
431 3356 522 3410 ihrem
546 3356 638 3412 Sohue
661 3357 707 3411 Ti-

146 3426 268 3492 berius“‚
289 3425 327 3479 da
340 3425 380 3480 sie
394 3426 545 3495 angeblich
559 3427 625 3482 hein
640 3428 707 3483 Ver·

147 3497 267 3551 brechen
282 3496 407 3566 seheute,
421 3515 469 3550 um
478 3497 538 3551 ihm
549 3498 602 3552 den
612 3499 708 3554 Thron

146 3586 180 3622 au
198 3567 377 3623 verschaffen.
398 3598 431 3607 -
450 3569 556 3636 facilia
576 3569 650 3623 deun
668 3570 708 3624 sie

75 3660 78 3671 ¹
145 3655 205 3693 war
232 3639 303 3708 hlug
330 3656 438 3710 geuug,
465 3639 511 3694 die
536 3639 708 3695 Schwaehen

147 3708 196 3762 des
211 3710 355 3779 Augustus
372 3728 406 3764 cu
424 3710 528 3764 dulden
546 3710 606 3764 uud
621 3711 709 3766 selbot

145 3795 201 3901 vop
219 3780 310 3834 seiuer
328 3781 453 3836 Untreue
471 3781 553 3836 heina
571 3781 655 3836 Notis
673 3800 708 3836 zu

145 3865 180 3903 ne
202 3867 273 3904 men.

183 3926 225 3972 14.
257 3924 444 3976 usamentum
468 3925 517 3978 ctt.
550 3923 615 3978 Erst
634 3922 707 3978 Cali-

146 3989 214 4059 gula
232 3990 325 4043 zahlte
344 3990 404 4045 ihre
423 3992 529 4062 Legate
548 4010 607 4048 aus.

181 4058 211 4115 2.
243 4065 268 4116 2.
302 4076 432 4117 excusare
450 4064 510 4130 „als
527 4064 706 4120 Entschuldi-

145 4147 223 4200 guug
241 4129 405 4212 anldhren“,
431 4133 484 4188 wie
502 4140 527 4203 3,
550 4140 589 4189 11.
616 4136 706 4190 Eben·

145 4218 176 4257 so
196 4201 244 4256 bei
262 4200 366 4268 Cicero,
386 4202 490 4257 Caesar
507 4206 565 4259 und
582 4207 687 4261 Livius.

181 4277 206 4326 5.
239 4272 334 4326 addito
358 4272 400 4328 als
423 4272 565 4330 absolutes
589 4277 706 4333 Ablativ

144 4345 236 4399 zueret
257 4342 328 4398 Plin.
353 4343 380 4400 h.
405 4363 432 4398 u.
456 4348 498 4398 15.
517 4350 540 4410 ξ.
561 4353 608 4417 62,
631 4351 705 4402 daun

761 2862 808 2917 bei
827 2862 954 2930 Tacitus,
977 2862 1035 2917 und
1052 2879 1127 2919 zuar
1142 2862 1174 2917 iu
1192 2862 1246 2919 deu
1261 2861 1307 2915 Au·

760 2933 858 2989 nalem
880 2942 903 3002 1,
922 2939 965 2988 35.
985 2940 1010 3002 2,
1029 2938 1072 2989 28.
1091 2940 1118 3003 3,
1137 2939 1163 2990 2.
1185 2933 1265 2989 Aucb
1276 2929 1312 2993 in.

762 3003 928 3074 Spatlatein.

797 3079 821 3130 8.
841 3080 925 3144 aptas
941 3075 995 3129 mit
1012 3075 1078 3130 dem
1094 3072 1183 3131 Dalir
1200 3074 1250 3131 das
1265 3068 1310 3129 tle·

760 3145 933 3215 ruudivums,
951 3145 1005 3201 wie
1023 3152 1049 3215 Ξ,
1068 3153 1093 3201 t.
1112 3152 1139 3215 8,
1157 3152 1203 3202 01.
1225 3145 1262 3201 fle
1273 3160 1312 3199 su·

760 3219 818 3341 {rstt
832 3217 882 3299 ‘bei
901 3216 987 3287 Ovid,
1011 3216 1089 3271 daun
1114 3216 1155 3272 im
1180 3217 1313 3273 sabama

784 3303 867 3343 aem.

798 3362 839 3413 10.
872 3359 905 3413 ia
928 3359 1046 3429 tanqum.
1074 3356 1140 3428 Vgl.
1159 3360 1185 3427 1,
1204 3364 1239 3415 tt
1256 3356 1317 3413 odiu

761 3430 793 3482 ia
811 3430 922 3500 leugam
939 3430 1051 3486 iaciens.
1069 3432 1096 3498 8,
1109 3426 1145 3483 27
1163 3429 1252 3484 otium
1263 3428 1318 3484 aar

762 3501 803 3555 rei
820 3501 896 3554 haud
914 3502 946 3554 ia
964 3501 1074 3570 lorcyum
1111 3501 1212 3555 creuit

797 3569 827 3625 8.
863 3577 885 3625 1.
914 3576 1078 3640 praeruptu.
1124 3570 1163 3640 gl.
1183 3575 1227 3640 lt,
1246 3576 1262 3625 7
1279 3570 1320 3625 tu·

762 3643 1153 3710 eccemauimoprccraptum.
1171 3639 1320 3698 Oicflcse.

763 3714 825 3766 Am.
844 3717 879 3766 24
893 3717 1050 3782 praerupta
1067 3711 1197 3769 auduus.

799 3789 823 3836 4.
843 3784 947 3837 entare
965 3784 1019 3838 mit
1036 3783 1101 3838 dem
1114 3782 1203 3839 Datis
1219 3781 1320 3839 beiutr

763 3869 813 3908 vor
839 3853 960 3909 Jemand
985 3853 1129 3924 hergehen
1150 3853 1178 3909 d.
1197 3853 1227 3911 ln
1247 3852 1321 3910 hiere

762 3923 920 3995 machtiger
938 3923 1006 3980 sein.
1130 3995 1137 4008 ι

763 3994 1176 4137 aruc
1191 3994 1322 4123 aa

761 4137 812 4192 der
828 4137 911 4192 Livia
929 4137 1125 4208 anagefangen.

800 4214 824 4262 7.
852 4209 968 4263 multum
985 4209 1056 4263 statt
1073 4209 1168 4279 muita,
1186 4208 1261 4265 autb
1277 4212 1321 4277 12,

762 4284 779 4331 4
801 4278 878 4333 baud
895 4280 1011 4333 maltum
1029 4284 1105 4346 unte,
1127 4277 1167 4334 ist
1187 4279 1237 4335 ein
1251 4276 1320 4335 Gr!-

763 4347 875 4416 eismus3
895 4349 950 4419 vgl.
969 4345 1042 4404 πολὺ
1061 4350 1172 4420 μείζων.
