2752 4784
365 272 475 327 LIBER
492 272 565 326 XIV.
593 272 671 327 CAP.
691 280 805 329 32-35.

1109 268 1171 332 147

109 428 143 487 et
166 423 327 489 sociorum
354 424 394 488 iis
423 445 505 509 quae
533 424 708 487 memoravi
737 423 817 487 locis
841 422 993 489 cecidisse
1016 426 1172 491 constitit

92 535 101 577 e
124 512 211 577 enim
227 519 348 598 'capere
370 516 428 577 aut
449 512 634 577 venundare
658 511 784 575 aliudve
808 512 894 595 quod
916 512 993 576 belli
1016 534 1224 583 comer-15

92 652 95 674 ‚
129 600 185 665 sed
214 601 327 667 caedes
357 601 504 684 patibula
536 600 629 685 ignes
662 621 783 683 cruces,
815 603 984 685 tamquam
1016 601 1172 667 reddituri

93 690 192 754 icium
215 712 252 754 ae
274 693 446 774 praerepta
468 689 598 753 interim
622 689 759 773 ultione,
781 688 991 753 festinabant.

92 778 159 842 [am
181 775 336 843 Suetonio
359 781 475 863 quarta
498 778 632 842 decuma
656 777 742 861 legio
770 799 842 841 cum
865 777 1040 841 vexillariis
1064 779 1169 843 vicen·
1180 778 1224 843 34

92 867 133 931 ris
157 870 190 931 et
212 888 229 930 e
252 867 406 949 proximis
435 866 620 948 auxiliares,
649 866 758 929 decern
786 865 886 929 ferme
914 866 1004 929 milia
1032 870 1171 931 armato-

92 959 197 1039 erant,
221 977 293 1019 cum
317 957 465 1019 omittere
488 955 725 1019 annotationem
750 958 783 1017 et
801 954 953 1039 congredi
977 955 1044 1019 acie
1067 960 1171 1038 parat.

92 1048 173 1128 tque
196 1046 304 1108 locum
327 1044 405 1108 artis
428 1043 575 1107 faucibus
599 1046 632 1106 et
655 1065 675 1106 a
697 1051 789 1127 tergo
809 1044 890 1107 silva
908 1044 1067 1127 clausmn,
1091 1045 1171 1108 satis

93 1136 128 1198 to
152 1132 235 1196 nihil
256 1132 400 1197 hostium
422 1132 486 1197 nisi
508 1132 544 1195 in
562 1131 669 1196 fronte
688 1134 721 1194 et
739 1134 884 1214 apertam
902 1131 1071 1215 planitiem
1090 1154 1169 1216 esse,
1189 1153 1205 1200 5

95 1224 185 1285 metu
214 1221 412 1285 insidiarum.
458 1221 559 1305 igitur
588 1220 784 1305 legionarius
813 1220 965 1306 frequens
995 1220 1172 1305 ordinibus,

99 1310 219 1375 circum
238 1314 413 1393 armatura,
437 1310 651 1394 conglobatus
670 1330 728 1392 pro
748 1309 899 1373 cornibus
919 1330 1016 1392 eques
1036 1309 1171 1375 adstitit.

92 1398 286 1463 ritannorum
310 1398 421 1483 copiae
443 1399 566 1482 passim
588 1420 646 1482 per
669 1400 814 1462 catervas
838 1401 871 1461 et
888 1401 1012 1461 turmas
1032 1400 1171 1463 exsulta·

121 1491 244 1572 quanta
271 1510 337 1551 non
366 1488 445 1551 alias
473 1487 660 1569 multitudo,
693 1490 724 1550 et
752 1487 858 1551 animo
887 1486 966 1551 adeo
994 1486 1106 1571 feroci,
1134 1492 1172 1552 ut

92 1596 153 1660 ,ges
177 1598 304 1660 quoque
327 1579 427 1639 testes
450 1575 604 1641 victoriae
628 1597 735 1639 seeum
760 1576 926 1639 traherent
953 1576 1169 1661 plaustrisque
1189 1596 1223 1643 10

92 1667 202 1747 terent,
221 1686 302 1748 quae
322 1686 417 1748 super
436 1668 614 1728 extremum
634 1664 792 1728 ambitum
811 1664 917 1746 campi
935 1667 1119 1745 posuerant.

92 1752 249 1817 Boudicca
271 1775 365 1816 curru
388 1752 472 1817 filias
495 1775 573 1837 prae
598 1774 631 1816 se
654 1752 787 1835 vehens,
815 1754 851 1815 ut
878 1774 1037 1835 quamque
1064 1750 1223 1817 natio-35

104 1844 294 1924 accesserat,
328 1842 458 1905 solitum
490 1842 617 1926 quidem
648 1840 815 1904 Britannis
848 1840 1041 1903 feminarum
1074 1840 1171 1903 ductu

92 1952 116 1993 re
143 1931 337 2013 testabatur,
371 1929 425 1994 sed
458 1932 536 1994 tunc
568 1951 634 1993 non
667 1933 703 1992 ut
733 1928 834 1991 tantis
862 1928 1037 1993 maioribus
1067 1931 1171 1992 ortam

92 2041 136 2082 un
160 2021 193 2081 et
215 2040 306 2101 opes,
329 2040 440 2082 verum
465 2021 501 2081 ut
523 2041 621 2082 unam
645 2041 661 2081 e
685 2018 783 2101 vulgo
806 2017 989 2081 libertatem
1009 2016 1171 2101 amissam,

92 2110 179 2171 ctum
203 2106 391 2171 verberibus
415 2129 543 2191 corpus,
567 2109 799 2171 contrectatam
822 2105 962 2169 filiarum
980 2105 1170 2188 pudicitiam
1190 2125 1205 2171 5

92 2196 117 2259 zi.
165 2217 202 2258 eo
224 2199 393 2278 provectas
416 2194 638 2259 Romanorum
662 2195 841 2277 cupidines,
872 2197 909 2258 ut
936 2216 1002 2257 non
1026 2215 1170 2277 corpora,

92 2286 233 2347 enectam
260 2284 389 2367 quidem
417 2286 473 2346 aut
501 2284 722 2367 virginitatem
752 2284 947 2366 inpollutam
976 2282 1170 2366 relinquant.

92 2394 109 2436 e
135 2376 245 2435 tamen
274 2371 349 2435 deos
376 2372 479 2435 iustae
507 2372 683 2435 vindictae:
717 2372 868 2435 cecidisse
898 2372 1059 2456 legionem
1090 2393 1171 2456 quae

102 2566 250 2629 sociorum,
272 2564 352 2617 nicht
375 2581 424 2617 aus
447 2562 556 2617 Britan-

107 2635 228 2688 sondern
260 2652 309 2688 aue
341 2635 463 2688 anderen
491 2634 556 2687 Pro·

92 2730 104 2758 l.

104 2776 156 2829 Die
182 2775 297 2844 Objecte
322 2793 416 2844 cupere
441 2781 490 2829 aut
515 2793 556 2829 ee-

92 2864 124 2900 :re
148 2847 205 2899 und
224 2849 409 2900 currente-roiam
430 2846 491 2900 sind
510 2865 556 2899 zu-

92 2917 163 2972 eines
179 2917 314 2986 Zeugmas
329 2919 400 2971 auch
413 2935 468 2971 von
481 2919 556 2983 festi-

94 2988 278 3057 tabhtngig,
297 3005 405 3042 vvcraus
424 2987 469 3041 ein
488 2989 556 3041 Ver-

93 3058 256 3127 ,betreiben,
276 3058 335 3112 sich
354 3060 555 3113 belriimmern“

92 3131 219 3184 anehmen
237 3130 281 3183 ist.

101 3206 240 3268 tamquam
259 3202 308 3254 ctt.
327 3201 473 3268 bedeutet‚
494 3201 556 3254 dass

92 3271 182 3325 rklich
197 3272 241 3325 die
256 3271 475 3340 Ueberzeugung
488 3272 556 3340 heg-

92 3341 133 3395 die
162 3342 265 3396 ltdmer
292 3342 406 3396 ufirden
432 3341 493 3407 sich
522 3358 557 3394 an

101 3414 213 3467 recten.
230 3445 262 3451 —
277 3415 387 3467 reddere
406 3414 475 3466 statt
489 3413 556 3466 dare

92 3501 192 3553 poenos
217 3485 293 3552 dare)
321 3482 484 3537 bezeichnet
512 3482 556 3537 die

92 3553 556 3624 ervergeltungimpassivenSinne.

111 3687 136 3732 3.
165 3679 292 3747 conpredi
317 3680 374 3732 (acie
398 3679 435 3731 ist
460 3679 556 3747 selten,

92 3751 161 3804 auch
177 3749 237 3803 Liv.
255 3756 277 3816 7,
293 3755 325 3802 22
345 3765 481 3817 autequam
500 3752 558 3803 acie

92 3837 137 3875 cce
156 3822 235 3874 beate.
266 3820 366 3874 Caesar
385 3822 448 3890 sagt
463 3820 556 3874 daftir:

92 3934 96 3953 ‚
110 3893 217 3960 proelio
236 3893 370 3960 coapredi.

94 3965 200 4031 operito,
219 3963 304 4016 sehon
322 3962 369 4016 bei
384 3962 479 4015 Livius
498 3961 557 4015 vier

92 4034 140 4087 bat
159 4034 224 4088 Tac.
243 4052 295 4087 nui·
313 4033 373 4087 hier
392 4034 448 4086 und
476 4040 503 4101 1,
522 4038 556 4087 46

611 2581 661 2631 que
680 2566 779 2616 circum
801 2564 926 2618 Caesaris
945 2581 977 2616 uc
996 2562 1093 2617 Seiani
1110 2579 1170 2616 ceu-

611 2650 694 2687 suere.
722 2633 786 2757 lplist.
807 2640 836 2701 2,
861 2640 894 2687 89
919 2635 1078 2701 totidemque
1096 2635 1172 2687 circo

612 2736 645 2743 —
663 2721 725 2757 oeae
748 2722 773 2757 o.

647 2800 671 2848 8.
700 2794 874 2846 exercitabant
894 2793 967 2844 etwa
985 2792 1056 2844 statt
1073 2792 1171 2843 colita-

612 2866 686 2930 baat,
695 2863 749 2917 vvie
761 2880 789 2917 es
801 2869 842 2931 15,
854 2869 869 2916 9
879 2861 982 2915 heisst:
997 2862 1104 2914 hostiles
1113 2866 1171 2913 tar-

611 2952 669 2989 mce
687 2935 814 2988 subiectis
835 2933 938 3000 corripis
960 2948 1062 3000 mapaa
1084 2932 1172 2998 specie

609 3007 770 3060 volitabant.
808 3004 891 3058 Sonst
913 3003 943 3055 in
961 3002 1066 3056 diesem
1085 3002 1170 3055 Sinne

610 3076 690 3131 nicht
707 3074 917 3145 gebrtuohlich.

648 3172 689 3217 11.
722 3165 840 3217 arietatus
869 3162 899 3216 in
927 3163 976 3216 der
1002 3162 1170 3231 Bedeutung

612 3234 768 3304 „Umfang“
783 3235 870 3288 findet
889 3233 949 3288 sich
966 3235 1023 3288 erst
1036 3233 1090 3287 seit
1104 3232 1171 3287 Gur·

610 3306 679 3372 tius3
695 3324 757 3360 ann.
778 3312 802 3372 1,
818 3312 850 3360 61
872 3312 964 3360 caetra
982 3306 1037 3359 luto
1057 3305 1170 3359 ambitu.

611 3383 643 3445 4,
662 3383 696 3430 49
720 3382 850 3445 quattuor
868 3379 947 3430 anilia
961 3393 1096 3443 passuum
1116 3392 1171 3429 arrr-

611 3449 671 3501 otto
690 3450 831 3517 accepterus
849 3455 894 3502 eet.

647 3590 695 3644 35.
720 3598 744 3643 2.
777 3590 901 3642 accedere
918 3586 972 3640 mit
990 3587 1054 3640 dem
1073 3587 1171 3638 Aecus.

612 3679 632 3714 e.
651 3679 684 3712 zu
704 3667 746 3728 12,
766 3666 798 3711 31
819 3659 875 3711 und
895 3658 966 3710 Einl.
987 3662 1009 3721 §-
1030 3662 1072 3723 25,
1094 3672 1117 3709 c.

647 3756 671 3802 4.
700 3764 812 3816 requam
826 3752 851 3798 et
865 3761 927 3812 opes
945 3744 1016 3797 statt
1033 3744 1173 3797 iacturam

611 3821 689 3889 nepai
711 3824 736 3872 et
758 3833 851 3885 opaca,
881 3814 956 3868 abht‘a
997 3813 1025 3883 'g
1049 3830 1105 3868 von
1130 3815 1172 3869 ul-

612 3892 689 3955 cisci,
721 3889 758 3942 ist
787 3886 945 3956 pregnante
997 3886 1172 3941 onstruction

611 3962 665 4015 wie
690 3968 718 4027 2,
737 3966 771 4012 40
790 3958 918 4025 pericula
938 3958 986 4023 (π
1006 3955 1172 4011 societatem

612 4031 810 4101 periculorum)
829 4029 964 4095 polliceri.
1008 4035 1038 4097 3,
1063 4035 1097 4082 ‘10
1120 4029 1172 4082 rei·

93 4123 120 4158 m
143 4107 250 4173 copodo
273 4106 321 4172 qui
343 4106 440 4171 suisset
458 4106 555 4157 exitus.
607 4104 737 4171 publicae
755 4100 877 4153 luciariae
901 4100 950 4168 (=
968 4099 1080 4154 veniam
1099 4098 1171 4151 iniu-

92 4193 130 4244 ‚rer
149 4176 186 4229 ist
205 4194 233 4229 os
252 4176 299 4229 bei
313 4175 404 4229 Justin
418 4175 475 4228 und
490 4173 557 4242 Sp'a-

92 4321 194 4372 eircum
227 4335 284 4387 „an
311 4317 413 4371 beiden
441 4316 557 4369 Seiten“

94 4396 155 4457 ,74
180 4406 259 4444 cram
283 4390 421 4443 anucitr'oe
444 4387 557 4454 effipiee-

612 4173 727 4240 riarum)
759 4187 793 4224 uc
825 4172 981 4239 luminetur.
1023 4170 1102 4224 Doeh
1134 4166 1172 4219 ist

613 4244 684 4298 auch
707 4241 844 4311 mbglich,
874 4242 937 4296 dass
960 4240 1025 4296 Tac.
1046 4241 1095 4292 dae
1118 4235 1171 4289 fol-

612 4313 702 4384 gende
727 4314 854 4367 amaeam
879 4313 933 4367 mit
955 4331 988 4365 zu
1011 4324 1123 4378 veprium
1147 4310 1172 4357 et

612 4401 674 4454 opes
692 4385 814 4453 bezcgen
833 4386 891 4439 hat.

906 4471 959 4525 ro*
