2722 4762
375 204 484 258 alana
505 205 550 260 VI.
588 205 665 260 OAP.
685 212 799 262 ae-aa.
1110 206 1175 271 287

98 388 154 429 urn
177 366 210 429 vi
234 371 348 450 sponte
373 371 405 431 et
426 369 609 432 inmensum
633 369 749 452 attolli,
774 369 870 432 simul
894 370 1076 434 albentibus
1100 392 1175 454 spu·
1236 413 1248 429 1

98 477 124 517 11
154 455 285 518 modurn
314 456 503 520 diadematis
533 457 660 521 sinuare
689 458 797 540 orbes,
824 458 1004 542 auspicium
1027 459 1174 543 prosperi

98 563 231 626 gressus.
269 543 399 627 quidam
423 545 569 609 callidius
588 547 895 630 interpretabantur,
917 547 1013 610 initia
1036 551 1171 612 conatus

98 631 141 694 da
163 653 267 715 neque
290 633 455 712 diuturna,
483 635 558 717 quia
586 656 697 699 eorum
724 657 807 718 quae
835 639 923 698 terra
946 635 1075 700 caelove
1098 658 1171 719 por-

98 723 211 783 rentur'
242 722 359 785 certior
394 723 487 805 fides,
524 723 693 786 fluminum
729 723 890 788 instabilis
927 728 1044 788 natura
1076 725 1172 787 simul
1185 741 1217 790 10

98 808 186 872 deret
217 811 327 873 omina
359 815 559 895 raperetque.
592 812 648 876 sed
675 814 775 894 ponte
802 811 940 876 navibus
969 812 1082 877 effecto
1109 816 1173 877 tra-

99 919 163 980 que
187 899 327 962 exercitu
350 900 473 982 primus
498 899 704 982 Ornospades
737 901 847 964 multis
875 901 1018 983 equitum
1042 901 1172 964 milibus

100 990 170 1048 stra
196 988 298 1069 venit,
327 988 399 1051 exul
427 989 590 1071 quondam
620 992 653 1052 et
684 988 827 1071 Tiberio,
860 987 1172 1053 cumDelmaticum

98 1097 118 1136 n
157 1076 341 1159 conficeret,
377 1076 464 1140 haud
500 1076 659 1160 inglorius
698 1077 871 1141 auxiliator
908 1099 1009 1160 eoque
1042 1078 1172 1142 civitate

98 1185 147 1226 na
171 1163 318 1247 donatus,
341 1187 417 1229 mox
436 1166 575 1248 repetita
594 1166 737 1229 amicitia
759 1167 844 1250 regis
863 1166 966 1229 multo
991 1167 1076 1248 apud
1099 1187 1173 1229 eum
1184 1182 1216 1230 15

98 1273 128 1334 e,
147 1253 329 1334 praefectus
349 1255 469 1336 campis
490 1255 545 1339 qui
563 1254 731 1336 Euphrate
755 1258 788 1317 et
805 1254 902 1338 Tigre
920 1254 1050 1319 inclutis
1070 1255 1172 1318 amni-

98 1340 259 1403 ircumflui
278 1340 535 1424 Mesopotamiae
559 1364 678 1407 nomen
701 1347 903 1425 acceperunt.
941 1363 1043 1426 neque
1068 1343 1172 1408 multo

98 1426 248 1492 Sinnaces
279 1435 376 1514 auget
399 1432 522 1514 copias,
551 1436 583 1495 et
613 1432 761 1496 columen
790 1431 934 1514 partium
961 1431 1171 1515 Abdagaeses

98 1539 111 1579 r
141 1520 173 1580 et
194 1522 328 1599 paratus
356 1520 463 1604 regios
495 1521 601 1586 adicit.
638 1520 788 1584 Vitellius
818 1523 1000 1584 ostentasse
1023 1519 1171 1584 Romana

106 1606 188 1669 satis
212 1611 301 1670 ratus
324 1612 435 1671 monet
455 1609 628 1672 Tiridaten
651 1609 881 1693 primoresque,
905 1608 1001 1690 hunc,
1019 1607 1171 1672 Phraatis
1181 1624 1217 1672 20

98 1716 105 1756 3
128 1695 242 1758 altoris
267 1693 415 1760 Caesaris
443 1719 588 1781 quaeque
615 1697 787 1781 utrubique
817 1695 952 1779 pulchra
981 1697 1172 1780 meminerit,

104 1783 296 1866 obsequium
320 1784 355 1847 in
377 1806 498 1869 regem,
521 1787 734 1850 reverentiam
757 1786 792 1849 in
814 1807 889 1867 nos,
917 1784 1012 1848 decus
1037 1785 1170 1869 quisque

122 1876 156 1934 et
188 1872 284 1935 fidem
317 1874 500 1938 retinerent.
537 1875 612 1938 exin
644 1896 715 1938 cum
753 1873 936 1958 legionibus
972 1873 1007 1936 in
1044 1871 1171 1937 Suriam

98 1960 159 2023 ,vit

98 2047 175 2124 luae
200 2050 324 2113 duabus
349 2051 527 2115 aestatibus
560 2055 653 2135 gesta
677 2051 842 2134 coniunxi,
869 2072 932 2134 quo
956 2049 1172 2133 requiesceret
1180 2050 1235 2114 38.

98 2160 124 2201 is
158 2160 178 2201 a
211 2138 398 2203 domesticis
432 2141 538 2224 malis,
567 2162 634 2204 non
658 2141 744 2203 enim
768 2139 946 2222 Tiberium,
976 2159 1170 2222 quamquam

98 2226 137 2290 rio
161 2231 238 2310 post
261 2228 390 2291 caedem
415 2227 531 2311 Seiani,
554 2251 635 2313 quae
658 2232 781 2292 ceteros
805 2228 930 2292 mollire
954 2227 1066 2310 solent,
1089 2230 1170 2290 tem-

98 2336 199 2398 oreces
232 2317 332 2380 satias
364 2317 575 2402 mitigabant,
613 2319 690 2402 quin
721 2318 844 2381 incerta
876 2317 927 2380 vel
958 2316 1080 2380 abolita
1111 2337 1170 2398 pro

98 2404 199 2467 rsimis
219 2408 252 2467 et
270 2405 452 2469 recentibus
476 2408 615 2488 puniret.
652 2428 690 2470 eo
713 2409 803 2469 metu
825 2404 993 2469 Fulcinius
1017 2403 1103 2482 Trio,
1122 2404 1205 2469 in·5

99 2493 141 2556 tis
166 2497 370 2557 accusatores
403 2495 489 2558 haud
521 2517 707 2578 perpessus,
739 2494 896 2578 supremis
923 2492 1044 2557 tabulis
1067 2492 1171 2556 multa

98 2581 172 2644 ocia
191 2582 226 2644 in
245 2581 431 2647 Macronem
451 2605 488 2647 ac
506 2585 696 2667 praecipuos
715 2583 908 2647 libertorum
927 2579 1075 2646 Caesaris
1094 2601 1170 2646 con-

98 2675 117 2751 3,
140 2670 204 2752 ipsi
223 2670 343 2734 fluxam
373 2673 463 2737 senio
492 2677 633 2736 mentem
662 2675 695 2735 et
722 2671 875 2734 continuo
904 2670 1055 2734 abscessu
1085 2669 1172 2732 velut

98 2780 127 2820 m
151 2758 349 2823 obiectando.
387 2782 469 2844 quae
488 2762 529 2825 ab
548 2761 719 2825 heredibus
744 2760 906 2823 occultata
928 2758 1056 2821 recitari
1075 2757 1170 2820 Tibe-

98 2847 190 2929 ussit,
213 2848 404 2931 patientiam
428 2849 587 2913 libertatis
611 2849 736 2912 alienae
755 2851 925 2912 ostentans
949 2848 981 2909 et
1004 2848 1215 2928 contemp-ro

98 2957 151 2998 rae
178 2937 345 3020 infamiae,
373 2960 415 3001 an
443 2940 599 3002 scelerum
624 2937 731 3002 Seiani
758 2936 812 3000 diu
839 2935 967 2999 nescius
995 2955 1069 2997 mox
1093 2955 1170 3017 quo·

98 3180 232 3217 emensam
251 3165 292 3218 als
311 3166 437 3234 Adverb,
456 3165 508 3220 wie
528 3172 554 3234 3,
609 3165 747 3234 deutung,
770 3163 817 3218 bei
835 3163 901 3216 Tac.
920 3161 999 3216 nicht
1023 3160 1107 3229 oster,
1131 3161 1170 3214 ist

119 3241 145 3302 4,
165 3241 207 3288 27.
227 3242 270 3288 40.
608 3234 787 3290 dichteriseh.

98 3307 231 3372 aspiciam
249 3307 290 3359 als
304 3308 472 3376 Apposition
490 3326 554 3361 zum
644 3313 687 3360 21.
707 3305 759 3359 Die
769 3303 932 3360 Schreibart
940 3303 1087 3371 utrubique
1097 3303 1167 3386 statt

98 3377 339 3444 gehendenSatze.
355 3377 553 3443 saturam.
608 3378 751 3446 utrobique
776 3376 864 3429 findet
891 3374 952 3428 sich
977 3372 1168 3428 handschrrftr

98 3464 160 3515 eque
180 3451 250 3501 statt
267 3451 314 3503 sed
331 3466 400 3516 noa,
418 3449 472 3503 wie
485 3451 552 3519 Agr.
607 3447 665 3501 lieh
693 3447 779 3513 oster,
804 3466 827 3501 z.
846 3446 876 3499 B.
901 3445 957 3500 (lic.
976 3444 1013 3498 ad
1030 3444 1096 3500 fam.
1124 3449 1166 3511 10,

98 3520 264 3573 ainvidiom
278 3537 325 3574 aec
344 3526 423 3575 extra
436 3523 554 3589 pluriam
608 3525 651 3585 31,
670 3525 694 3573 2.

98 3589 154 3643 Liv.
174 3596 199 3655 3,
220 3596 253 3643 55
281 3594 340 3645 siae
362 3593 421 3644 utto
444 3593 553 3646 iniuria
643 3589 692 3646 38.
716 3595 741 3643 4.
767 3589 836 3656 quin
853 3587 911 3641 fast
928 3584 1022 3655 gleich
1040 3585 1095 3650 scd,
1113 3583 1169 3638 wie

98 3677 129 3713 ac
157 3663 311 3727 offensione.
340 3668 369 3730 5,
390 3669 423 3715 22
450 3664 554 3732 oppida
608 3668 687 3729 opt
714 3675 772 3713 aon
794 3659 974 3727 protegebant
1002 3657 1071 3725 quia
1098 3656 1167 3722 sate·

98 3737 158 3785 cata
176 3749 224 3785 nec
242 3734 356 3787 obsessa.
607 3737 690 3786 retur.

98 3801 290 3858 Delmaticum.
314 3806 351 3857 Es
370 3804 408 3857 ist
427 3804 477 3858 der
495 3805 553 3858 dal·
644 3809 668 3857 ὁ.
690 3802 766 3866 Trio,
784 3800 823 3853 im
842 3799 868 3855 J.
883 3805 915 3853 31
933 3798 1043 3864 Consul,
1063 3813 1122 3850 war
1131 3802 1166 3850 32

98 3872 318 3940 h-pannonische
336 3875 477 3929 Aulstand
499 3892 554 3929 von
607 3892 662 3929 von
679 3870 812 3926 Haterius
835 3869 1001 3939 angelrlagt‚
1028 3868 1101 3949 aber.
1119 3866 1170 3950 auf

98 3967 110 3997 1.
130 3943 204 4011 Chr,
228 3946 314 4000 durch
334 3946 462 4000 Tiberius
480 3947 554 3999 nach
608 3945 653 3998 die
685 3941 884 4010 Verwendung
916 3941 964 3994 des
997 3939 1166 4008 Sanqurmus

98 4013 213 4068 rifeltem
231 4016 426 4071 Widerstande
445 4017 554 4071 nieder·
607 4015 757 4070 verschont
774 4012 898 4094 worden3
918 4029 938 4064 s.
959 4028 1001 4079 cp.
1020 4016 1045 4064 4.
1139 4080 1146 4092 .

98 4101 274 4225 zdestitutor,
300 4158 346 4212 bei
365 4159 479 4212 Tacitus
503 4153 552 4214 iirr.
607 4091 678 4211 stagtt
692 4080 1167 4239 ppglgggguhrigtgefqiqsggesgngliglqtgg

98 4230 184 4281 ommt
199 4231 255 4281 erst
269 4229 323 4282 seit
334 4229 480 4283 Petronius
494 4246 553 4297 vor,
606 4228 637 4282 in
655 4228 761 4282 diesem
780 4226 864 4280 Sinna
883 4243 932 4279 απ.
952 4222 1002 4291 sio.
1075 4292 1081 4303 ι

98 4298 133 4352 »a
151 4298 197 4351 bei
216 4299 444 4356 Kirohenv'atern.
643 4305 687 4354 10.
718 4302 896 4365 contemptor,
923 4296 1014 4349 rueret
1037 4294 1084 4347 be1
1107 4291 1168 4345 Sal-

98 4370 271 4438 rircumsluus
289 4372 342 4426 mit
359 4373 485 4440 passiver
501 4371 554 4425 Be·
606 4371 665 4425 lust
682 4369 739 4423 und
758 4367 858 4437 Virgil,
877 4367 952 4421 dann
969 4364 1105 4433 htufiger.
