2752 4784
164 217 230 281 210
484 220 656 277 CORNELII
674 220 797 275 TAOITI
814 220 1011 275 ANNALIUM

112 376 155 440 60
252 374 437 439 Proximam
460 393 570 436 necem
588 371 709 435 Plautii
731 370 882 435 Laterani
905 372 1045 437 consulis
1064 372 1224 456 designati
1241 370 1330 437 Nero

167 464 326 548 adiungit,
359 462 438 525 adeo
465 482 613 544 propere,
644 464 681 524 ut
704 483 770 525 non
797 460 966 543 complecti
991 460 1125 545 liberos,
1155 482 1223 525 non
1249 461 1330 525 illud

164 553 260 617 breve
283 551 397 615 mortis
420 549 588 613 arbitrium
610 549 819 632 permitteret.
853 552 965 632 raptus
983 549 1019 612 in
1036 550 1141 614 locum
1161 550 1331 614 servilibus

165 641 276 725 poenis
301 639 477 722 sepositum
504 660 601 701 manu
625 635 722 701 Statii
748 637 871 702 tribuni
897 638 1088 722 trucidatur,
1114 640 1229 721 plenus
1256 660 1330 702 con·

131 730 280 796 astantis
305 727 423 792 silentii
445 749 505 791 nec
527 726 658 791 tribuno
683 726 824 791 obiciens
849 727 982 790 eandem
1005 727 1242 791 conscientiam.

255 815 404 902 Sequitur
426 815 537 880 caedes
560 814 686 879 Annaei
710 814 861 899 Senecae,
887 815 1065 880 laetissima
1091 816 1242 900 principi,
1265 838 1332 880 non

167 907 243 991 quia
265 905 496 971 coniurationis
519 903 727 968 manifestum
751 908 961 987 compererat,
989 904 1044 968 sed
1072 908 1108 967 ut
1134 904 1219 969 ferro
1242 925 1332 988 gras-

168 999 305 1078 saretur,
333 993 460 1078 quando
487 1014 646 1057 venenum
673 1015 740 1057 non
766 996 971 1076 processerat.
1017 994 1104 1056 solus
1127 993 1244 1077 quippe
1266 991 1332 1055 Na-

165 1086 240 1148 talis
264 1088 297 1147 et
318 1083 474 1146 haetenus
497 1082 670 1165 prompsit,
698 1081 832 1145 missum
860 1103 894 1146 se
919 1082 959 1146 ad
983 1084 1152 1165 aegrotum
1169 1079 1334 1166 Senecam,

116 1192 148 1241 10
167 1174 216 1238 uti
239 1174 356 1237 viseret
377 1174 685 1255 conquerereturque
708 1193 764 1235 cur
781 1169 932 1235 Pisonem
951 1170 1040 1234 aditu
1058 1174 1195 1234 arceret:
1218 1170 1333 1233 melius

166 1263 248 1345 fore,
272 1261 299 1324 si
323 1259 498 1324 amicitiam
519 1259 672 1322 familiari
695 1280 869 1343 congressu
889 1258 1112 1324 exercuissent.
1149 1262 1181 1322 et
1202 1280 1335 1343 respon-

167 1352 253 1415 disse
285 1347 438 1413 Senecam
471 1369 634 1411 sermones
667 1352 795 1412 mutuos
826 1352 859 1412 et
886 1347 996 1411 crebra
1028 1348 1198 1432 conloquia
1227 1348 1334 1411 neutri

168 1439 359 1521 conducere,
387 1439 528 1501 ceterum
556 1437 693 1500 salutem
721 1459 812 1500 suam
835 1437 1055 1501 incolumitate
1076 1436 1205 1501 Pisonis
1228 1435 1334 1500 inniti.

167 1529 245 1591 haec
269 1526 351 1590 ferre
371 1524 492 1589 Gavius
512 1521 660 1588 Silvanus
683 1525 832 1591 tribunus
854 1526 1034 1608 praetoriae
1058 1526 1215 1610 cohortis,
1237 1528 1334 1589 etan

117 1634 149 1682 15
169 1617 254 1681 dicta
284 1614 412 1678 Natalis
446 1635 565 1697 suaque
596 1636 754 1697 responsa
789 1616 937 1678 nosceret
966 1614 1149 1697 percontari
1180 1611 1332 1678 Senecam

169 1705 305 1769 iubetur.
343 1703 370 1767 is
389 1702 472 1767 forte
492 1725 534 1766 an
551 1703 691 1785 prudens
710 1703 750 1767 ad
769 1725 842 1766 eum
861 1703 944 1766 diem
963 1724 1002 1766 ex
1020 1701 1198 1786 Campania
1214 1724 1334 1767 remea·

170 1797 272 1878 verat,
303 1794 515 1877 quartumque
545 1791 630 1874 apud
657 1791 795 1875 lapidem
824 1792 1008 1856 suburbano
1035 1814 1108 1855 rure
1136 1791 1335 1855 substiterat.

169 1885 224 1948 illo
248 1882 429 1966 propinqua
450 1902 585 1963 vespera
606 1880 755 1944 tribunus
778 1881 867 1944 venit
889 1885 922 1944 et
942 1881 1051 1944 villam
1070 1881 1175 1965 globis
1194 1879 1335 1945 militum

171 1971 304 2055 saepsit,
331 1974 400 2033 tum
428 1970 492 2052 ipsi
519 1991 590 2032 cum
612 1968 767 2052 Pompeia
788 1968 925 2033 Paulina
948 1992 1046 2034 uxore
1069 1972 1102 2033 et
1124 1968 1237 2033 amicis
1260 1968 1337 2033 duo·

118 2079 152 2125 20
170 2061 231 2124 bus
255 2059 398 2143 epulanti
420 2057 574 2121 mandata
596 2057 799 2141 imperatoris
823 2058 930 2123 edidit.

119 2146 160 2209 61
261 2146 381 2212 Seneca
403 2147 538 2210 missum
562 2146 601 2210 ad
625 2168 659 2209 se
674 2145 826 2211 Natalem
849 2151 1119 2231 conquestumque
1136 2146 1269 2211 nomine
1286 2145 1337 2210 Pi·

174 2237 260 2301 sonis
285 2236 369 2319 quod
393 2258 412 2298 a
434 2236 567 2299 visendo
592 2257 629 2299 eo
651 2236 889 2319 prohiberetur,
918 2258 1013 2319 seque
1035 2236 1195 2300 rationem
1217 2236 1305 2300 valet
1326 2272 1338 2280 -

173 2326 256 2389 dinis
285 2328 317 2388 et
345 2345 486 2387 amorem
516 2324 631 2408 quietis
664 2325 866 2388 excusavisse
895 2325 1069 2408 respondit.
1114 2346 1171 2389 cur
1202 2326 1338 2389 salutem

173 2413 290 2497 privati
312 2412 453 2476 hominis
475 2412 689 2476 incolumitati
713 2434 789 2476 suae
818 2413 1005 2497 anteferret,
1033 2435 1162 2477 causam
1189 2436 1257 2479 non
1283 2413 1338 2475 ha-

138 2502 295 2583 cbuisse3
326 2521 385 2564 nec
418 2501 481 2564 sibi
511 2504 696 2583 promptum
727 2502 762 2564 in
794 2502 993 2566 adulationes
1024 2502 1201 2587 ingenium.
1245 2502 1340 2585 idque
1369 2576 1372 2583 Ι

172 2591 252 2654 nulli
276 2589 380 2673 magis
404 2609 541 2672 gnarum
564 2611 661 2673 quam
683 2588 820 2674 Neroni,
848 2591 902 2674 qui
930 2592 1057 2674 saepius
1079 2591 1263 2655 libertatem
1286 2588 1365 2655 Se·'

173 2701 270 2744 necae
294 2699 390 2762 quam
413 2678 578 2741 servitium
601 2682 750 2761 expertus
779 2683 872 2743 esset.
918 2680 973 2744 ubi
995 2680 1074 2744 haec
1097 2702 1117 2743 a
1138 2680 1271 2745 tribuno
1292 2700 1339 2743 rc·
1370 2700 1372 2705 ·

172 2770 241 2833 lata
271 2770 348 2831 sunt
375 2765 526 2850 Poppaea
557 2770 590 2830 et
620 2766 779 2851 Tigellino
812 2790 935 2852 coram,
966 2769 1052 2852 quod
1083 2773 1153 2832 erat
1184 2768 1340 2833 saevienti

173 2857 310 2941 principi
338 2856 489 2919 intimum
519 2856 739 2940 consiliorum,
769 2858 951 2943 interrogat
977 2880 1018 2921 an
1047 2856 1168 2922 Seneca
1195 2858 1340 2922 volunta·
1370 2884 1372 2935 j

124 2965 157 3013 10
175 2947 257 3010 riam
281 2948 417 3009 mortem
440 2948 576 3027 pararet.
610 2948 680 3008 tum
702 2945 851 3015 tribunus
873 2946 965 3009 nulla
985 2947 1113 3030 pavoris
1132 2946 1238 3031 signa,
1260 2944 1339 3011 nihil

176 3036 269 3098 triste
290 3035 324 3097 in
343 3034 449 3097 verbis
473 3034 540 3097 eius
564 3036 620 3097 aut
637 3035 728 3097 vultu
747 3034 938 3118 deprensum
956 3034 1166 3099 confirmavit.
1201 3055 1279 3119 ergo
1294 3055 1340 3097 re·

211 3209 259 3264 60.
289 3215 313 3261 2.
341 3209 412 3260 1111111
429 3207 593 3261 bezeichnet
611 3208 662 3261 das
680 3209 732 3261 Be·
822 3218 862 3264 15.
891 3226 997 3264 noscere
1022 3211 1081 3277 „als
1104 3210 1183 3263 wahr
1207 3208 1341 3263 ancrken·

174 3281 279 3334 kannte
302 3278 360 3330 und
382 3277 489 3331 damals
512 3278 663 3347 allgemein
683 3279 731 3331 Er·
785 3299 847 3350 nen,
862 3281 1039 3335 einraumen“
1053 3280 1107 3335 wie
1121 3286 1146 3348 2,
1160 3286 1195 3334 28
1209 3280 1282 3334 statt
1294 3280 1340 3333 ad·

173 3351 284 3417 laubtc,
304 3349 348 3402 die
367 3348 452 3402 Wahl
472 3349 521 3401 der
539 3349 682 3403 Todesart.
785 3369 921 3421 paoscerc,
940 3352 1059 3406 welches
1073 3359 1098 3419 2,
1113 3358 1147 3406 30
1161 3350 1244 3404 datar
1258 3350 1339 3403 steht.
1363 3366 1368 3371 ·

1167 3456 1206 3511 a
1221 3456 1341 3511 aas

176 3562 392 3632 esquilinischen
419 3562 507 3629 Thor,
541 3562 611 3616 auch
640 3570 669 3630 2,
698 3570 732 3616 31
787 3530 835 3653 ἐξ
853 3528 1340 3654 {gfflffiblglrffllfflhfflgaeffffi
1364 3572 1372 3581 -

786 3672 843 3724 und
859 3677 945 3740 15,18
960 3672 1000 3725 als
1014 3669 1090 3724 einer
1104 3671 1153 3724 der
1164 3670 1224 3725 drei
1234 3670 1341 3725 Steuer-
1360 3709 1372 3745 ζ

787 3742 943 3797 directoren
956 3743 1082 3811 genennt
1098 3741 1176 3795 wird.

176 3636 309 3689 erwahnt.

212 3714 236 3760 6.
257 3705 349 3759 Ueber
367 3720 423 3758 111111
442 3706 508 3773 qaia
531 3705 584 3758 mit
607 3705 671 3758 dem
689 3706 732 3758 ln-

177 3777 282 3831 dicativ
301 3795 321 3829 1.
341 3794 374 3829 zu
394 3782 439 3841 13,
460 3782 483 3828 1.

213 3855 237 3901 9.
265 3850 393 3900 hactenus
418 3865 491 3915 „nur
509 3847 589 3900 dies“
613 3847 666 3901 wie
692 3854 733 3916 14,

178 3924 209 3969 51
226 3919 355 3972 finetenus
369 3919 587 3986 respondissc.-
598 3921 734 3986 prompsit
823 3920 870 3975 111.
899 3927 923 3974 3.
956 3936 1084 3973 excusare
1112 3919 1171 3987 „als
1198 3914 1341 3971 1111111111-

178 4005 229 4055 „er
248 3991 326 4057 sagte
345 3992 415 4042 aus“
435 3988 487 4042 wie
507 3996 536 4057 1,
561 3997 575 4043 6
600 3991 665 4056 ficta
687 4007 734 4043 sec
788 3992 894 4061 digung
913 3991 1066 4045 anfi'ihrcn“
1086 3990 1158 4043 auch
1176 3996 1201 4057 3,
1222 3996 1264 4043 11.
1284 3994 1309 4047 5,
1325 3992 1361 4037 '2'

177 4076 242 4113 cera
256 4065 396 4127 promeret.
420 4066 461 4127 1⁶2,
476 4067 509 4114 65
524 4060 581 4113 und
595 4060 675 4128 bfter,
689 4079 734 4113 ur·
787 4063 845 4116 und
868 4063 953 4117 echon
976 4062 1023 4116 bei
1045 4060 1214 4115 Klassikern.
1236 4092 1268 4099 —
1293 4056 1341 4111 llil

179 4129 341 4199 sprunglich
354 4130 532 4199 dichterisch‚
552 4133 609 4184 erst
622 4131 675 4185 seit
688 4132 733 4184 Li·
789 4134 843 4187 den
864 4133 1015 4203 folgenden
1037 4131 1155 4186 Wolten
1173 4148 1223 4185 car
1247 4162 1279 4171 -
1304 4132 1341 4181 iu-

177 4202 239 4255 vius
257 4200 286 4254 in
306 4200 353 4253 der
370 4199 465 4255 Prosa.
787 4206 897 4274 9111111111
923 4203 1070 4259 bestroitet
1097 4221 1126 4258 er
1153 4202 1199 4257 die
1224 4200 1341 4256 Insinua-

217 4280 257 4326 12.
286 4271 336 4325 Bei
359 4288 490 4325 1111101111·
507 4279 614 4327 1111111101
637 4274 674 4327 ist
699 4292 735 4327 an
788 4273 1372 4345 11011,111111111311113111111111111111111,ἰ

178 4343 424 4413 Mittelspersonen
442 4361 474 4396 au
493 4343 609 4399 denken.
788 4364 866 4402 suam
884 4348 1069 4401 incolam-itate
1086 4347 1200 4401 Picocris
1217 4345 1310 4399 11111111,
1335 4378 1341 4389 ·
