2752 4784
103 227 145 291 64
418 232 591 287 CORNELII
614 231 737 287 TAOlTI
760 231 959 287 ANNALIUM

101 387 327 469 procuratores
341 384 467 448 referre.
504 383 601 467 hique
614 382 719 466 primo
733 383 862 466 laetari,
877 402 953 446 mox
966 382 1123 467 gliscente
1137 406 1176 468 pe

103 496 176 538 cum
209 495 299 538 arma
330 472 472 537 militum
503 471 755 553 interiecissent,
791 471 877 536 caesi
908 470 1042 555 milites,
1081 473 1176 536 arsiss

51 581 84 631 ro
102 563 188 626 bello
211 561 391 644 provincia,
418 561 453 624 ni
482 559 665 636 Quadratus
690 557 802 623 Suriae
832 563 939 625 rector
962 560 1175 625 subvenisset.

102 650 156 714 diu
180 651 331 714 adversus
355 649 503 732 Iudaeos,
532 649 645 732 quiin
667 669 779 712 necem
802 649 943 712 militum
965 655 1176 733 proruperant

101 739 242 803 bitatum
265 739 343 823 quin
366 738 471 821 capite
493 758 615 821 poenas
638 739 775 801 luerent:
800 734 964 801 Cumanus
988 740 1020 800 et
1033 736 1126 801 Felix
1150 761 1176 802 cr

100 828 224 891 tionem
248 827 452 907 adferebant,
476 827 551 910 quia
575 823 729 890 Claudius
753 826 859 890 causis
873 825 1058 890 rebellionis
1084 827 1176 891 audit

101 915 263 980 statuendi
301 916 400 980 etiam
435 915 474 979 de
511 915 773 997 procuratoribus
809 914 950 978 dederat.
1004 916 1059 979 sed
1093 915 1176 991 Qua(

47 1024 82 1074 20
100 1003 239 1068 Felicem
271 1004 356 1068 inter
387 1004 507 1068 iudices
541 1004 729 1086 ostentavit,
761 1005 926 1087 receptum
957 1003 992 1067 in
1023 1003 1176 1087 tribunal,

101 1093 208 1158 studia
250 1093 472 1157 accusantium
513 1092 761 1175 deterrerentur3
803 1092 1038 1176 damnatusque
1076 1093 1176 1178 flagit:

102 1203 183 1265 quae
207 1181 270 1245 duo
295 1181 497 1266 deliquerant
520 1178 698 1264 Cumanus,
722 1184 755 1244 et
778 1181 868 1264 quies
891 1180 1078 1265 provinciae
1101 1183 1176 1246 redd

46 1267 91 1333 55
189 1267 257 1334 Nec
285 1270 387 1333 multo
415 1273 490 1353 post
518 1270 695 1354 agrestium
719 1267 856 1333 (lilicum
879 1269 1042 1353 nationes,
1071 1271 1173 1355 quibu

103 1361 211 1421 tarum
234 1361 496 1443 cognomentum,
521 1379 614 1441 saepe
640 1362 672 1421 et
686 1358 766 1422 alias
781 1361 974 1441 commotae,
997 1362 1076 1423 tunc
1089 1358 1176 1424 Trox

101 1446 180 1509 duce
203 1451 329 1511 montes
345 1469 475 1531 asperos
499 1448 612 1510 castris
628 1468 738 1530 cepere
762 1450 858 1531 atque
881 1447 956 1512 inde
971 1447 1107 1512 decursu
1132 1449 1166 1511 in

101 1537 157 1598 aut
178 1535 274 1599 urbes
297 1535 363 1599 vim
386 1536 562 1599 cultoribus
586 1538 619 1599 et
642 1536 811 1620 oppidanis
835 1557 872 1599 ac
895 1536 1083 1621 plerumque
1106 1537 1143 1600 in
1157 1561 1176 1599 n

65 1642 81 1691 5
100 1626 187 1688 tores
211 1627 243 1687 et
265 1625 479 1689 navicularios
503 1624 673 1689 audebant.
719 1625 913 1709 obsessaque
937 1625 1048 1689 civitas
1063 1625 1176 1689 Anemi

102 1712 160 1796 sis,
184 1717 216 1776 et
238 1713 328 1777 missi
352 1711 477 1778 eSuria
499 1714 534 1776 in
548 1713 728 1777 subsidium
751 1714 874 1798 equites
890 1735 962 1777 cum
985 1714 1176 1797 praefecto(

100 1797 217 1866 Severo
254 1802 441 1886 turbantur,
483 1802 569 1886 quod
606 1801 677 1866 duri
714 1803 834 1867 circum
869 1802 933 1867 loci
968 1802 1176 1888 peditibusqu

99 1911 244 1975 pugnam
266 1891 373 1956 idonei
396 1894 543 1976 equestre
566 1892 725 1973 proelium
747 1891 834 1955 haud
856 1891 1071 1975 patiebantur.
1124 1892 1173 1956 dei

101 1979 168 2043 eius
202 2001 277 2043 orac
309 1980 490 2045 Antiochus
524 1979 754 2044 blandimentis
792 1980 962 2044 adversum
989 1980 1130 2064 plebem,
1163 1980 1176 2044 f

48 2084 81 2133 10
98 2067 134 2130 in
157 2067 270 2132 ducem
293 2090 365 2132 cum
388 2069 600 2133 barbarorum
624 2070 732 2153 copias
756 2068 973 2152 dissociasset,
987 2068 1173 2135 Troxobore

99 2157 208 2240 cisque
230 2157 426 2240 primoribus
449 2157 627 2221 interfectis
651 2161 772 2222 ceteros
797 2157 967 2222 clementia
989 2160 1176 2241 composuit

45 2238 88 2305 56
188 2243 254 2309 Sub
277 2245 362 2309 idem
385 2249 512 2328 tempus
535 2246 621 2309 inter
646 2248 753 2310 lacum
776 2245 934 2310 Fucinum
957 2268 1150 2331 amnemque
1173 2248 1176 2309 ζ

98 2336 252 2416 perrupto
276 2337 400 2418 monte,
425 2356 488 2418 quo
511 2335 752 2419 magnificentia
775 2335 881 2418 operis
906 2357 924 2398 a
947 2335 1093 2418 pluribus
1108 2337 1174 2400 vise

136 2602 177 2651 16.
197 2597 326 2651 αάὐονειω
341 2598 545 2668 ‚‚gegen1'ibcr“,
556 2599 585 2651 in
600 2598 656 2652 die·
712 2599 761 2652 der
779 2597 896 2653 Provinz
915 2598 1022 2667 Syrien.
1066 2598 1176 2669 Caligul

101 2682 160 2721 sem
179 2666 262 2722 Sinne
276 2670 372 2741 hbufig
389 2668 436 2723 bei
451 2669 572 2723 Tacitus.
592 2669 656 2739 Vgl.
712 2687 740 2723 es
766 2669 831 2722 dem
858 2668 950 2724 Sobnc
978 2671 1094 2738 curtick,
1128 2673 1176 2725 nal

99 2743 128 2807 3,
154 2744 186 2792 18
218 2740 314 2806 sirenus
346 2742 476 2796 aduersus
503 2742 656 2808 prccantum.
712 2740 771 2793 ihm
784 2740 889 2794 wieder
901 2741 959 2794 und
975 2740 1108 2796 Claudius
1122 2745 1176 2797 set-z

99 2814 190 2878 6,12.
712 2812 850 2866 abermals
873 2811 924 2866 auf
946 2812 1001 2866 den
1024 2812 1132 2876 Thron‚
1160 2814 1176 2866 d

135 2886 176 2935 19.
205 2883 328 2949 dederat,
350 2883 474 2937 nbmlich
497 2884 561 2937 dem
585 2883 658 2948 Qua·
711 2883 755 2936 bis
774 2901 837 2936 zum
854 2883 878 2937 J.
900 2889 932 2936 72
951 2883 1068 2938 bchielt.
1114 2885 1159 2940 De

99 2950 201 3006 drutus.
711 2953 762 3007 ihn
779 2954 934 3022 Vespasian
952 2955 1001 3021 ab,
1025 2954 1091 3009 weil
1115 2973 1145 3009 er
1168 2975 1176 3010 ε

710 3025 768 3079 lich
788 3025 833 3079 die
851 3025 971 3080 Parther
993 3026 1159 3096 begflnstigt

135 3090 183 3150 55.
204 3102 228 3148 1.
265 3096 317 3149 Dic
338 3096 437 3163 Clitas,
457 3114 512 3150 von
530 3098 657 3150 welches
711 3096 836 3150 Seitdem
855 3096 921 3151 kam
945 3097 995 3150 dos
1013 3097 1094 3153 Land
1116 3100 1176 3154 wie

100 3163 166 3217 Tac.
186 3166 258 3218 auch
277 3174 301 3234 6,
321 3173 353 3220 41
378 3167 522 3221 dhnliches
542 3168 655 3236 erzbhlt,
712 3167 810 3235 Syrien
831 3168 888 3220 und
901 3167 978 3222 ward
992 3168 1032 3222 im
1050 3168 1176 3223 vicrten.

97 3233 159 3287 sind
178 3237 254 3288 sonst
271 3237 441 3292 unbekannt.
711 3238 757 3292 die
775 3238 980 3304 Eupbrutensis
994 3241 1151 3307 provincio.
1169 3273 1176 3280 -

134 3327 158 3376 3.
177 3329 279 3377 montes
298 3326 394 3379 castris
414 3343 508 3392 capere
532 3326 569 3380 ist
594 3327 655 3381 eine
709 3309 887 3378 PP'APOSAAAOn
905 3311 1049 3364 adversum
1066 3312 1176 3366 Wflsshffl

97 3408 167 3446 neue
186 3393 290 3449 Phrase
309 3397 379 3450 statt
402 3402 492 3450 costra
509 3399 542 3449 c'rr
559 3400 654 3452 monti-
709 3383 753 3462 rja,
781 3381 834 3434 Wle
857 3398 900 3449 eP·
919 3387 954 3436 2⁰
982 3387 1088 3450 duania
1112 3401 1176 3466 Fert

100 3463 151 3517 bus
166 3482 274 3532 ponere,
299 3497 332 3505 ,
359 3467 411 3521 Die
435 3468 657 3539 Abwechsequng
709 3469 740 3504 ca
759 3453 872 3535 hostem,
892 3457 971 3506 touta
985 3454 1160 3520 beneficentia

101 3533 148 3588 ces
167 3535 266 3592 nasia
285 3538 338 3591 mic
362 3538 412 3592 ser
429 3538 608 3607 Praeposition
625 3543 657 3595 a
708 3538 755 3576 ³2⁴⁸
773 3524 908 3592 sarrire
926 3524 1065 3577 ctutum·

96 3605 184 3731 {ilpldet
202 3607 262 3662 sich
281 3610 352 3663 auch
372 3615 414 3678 13,
429 3616 462 3663 21
482 3611 612 3664 ultionem
625 3614 656 3665 in

137 3684 228 3734 utores
243 3683 404 3749 ctpruernic
418 3682 513 3734 amicis
528 3683 655 3736 obtinuit.
1005 3719 1010 3730 ·
1134 3740 1144 3751 Ἰ

98 3754 159 3815 4,9
186 3754 329 3806 meritoriae
351 3753 443 3807 Drusi
470 3754 561 3807 eadem
587 3771 656 3823 quae
744 3718 792 3772 56⁰
815 3726 837 3772 1¹
874 3718 969 3773 Dumh
983 3719 1029 3773 (1¹⁰
1043 3719 1176 3774 Abla⁸³u¹

97 3820 129 3871 irc
148 3820 342 3877 Germanicum
369 3825 560 3878 decernuntur.
590 3832 654 3893 4,2
709 3861 814 3917 Mamer
832 3860 880 3930 lag
916 3861 1012 3915 wollt&
1035 3879 1103 3916 man
1121 3862 1176 3917 La,

98 3890 202 3955 (iducis
219 3895 301 3961 apsis,
320 3897 351 3949 in
370 3901 467 3950 ceteros
485 3901 578 3949 metus.
709 3934 764 3986 den
782 3932 931 3985 Ankerbau
949 3931 1105 4001 gemm,
1143 3934 1176 3986 Ι).

133 3984 157 4031 5.
175 3980 358 4036 Anemurium
371 4001 430 4037 war
449 3984 510 4038 eino
526 3984 656 4039 Seestadt
709 4003 869 4073 zugscanah
893 4021 956 4056 zum
975 4002 1060 4057 Theil
1082 4004 1128 4058 ein
1153 4005 1175 4057 'l'

95 4047 136 4102 im
154 4052 319 4107 wortlichen
339 4053 462 4111 Cilicicn.
708 4074 803 4128 ffihffe
823 4074 872 4128 das
890 4072 1002 4128 wasser
1023 4074 1045 4105 s:
1070 4074 1176 4130 Mene„

134 4146 158 4195 9.
178 4140 228 4192 Als
243 4141 291 4194 der
300 4141 388 4196 Vatcr
402 4144 490 4197 dieses
500 4144 654 4200 Antiochus
708 4146 767 4199 lich
784 4145 814 4199 in
833 4145 888 4199 den
902 4146 1004 4199 oberen
1018 4106 1100 4202 ltlris.
1126 4146 1176 4200 ΕΗ

98 4210 138 4265 ΙΠ
164 4209 205 4264 im
231 4211 255 4264 J.
277 4219 309 4265 17
332 4232 359 4266 n.
384 4213 445 4269 Chr.
472 4217 561 4285 starb,
594 4234 654 4271 ver·
708 4217 776 4287 lang
804 4214 960 4270 arbeiteten
993 4222 1090 4285 30,ooo
1118 4217 1176 4271 Mer

99 4281 204 4352 einigte
223 4282 349 4337 Tiberius
377 4284 435 4338 sein
462 4286 551 4340 Reich
576 4287 655 4341 Com·
709 4288 809 4355 daran,
829 4288 895 4342 aber
914 4287 963 4342 der
978 4287 1079 4342 Zweck
1098 4290 1176 4343 ward

97 4370 216 4423 megene
235 4355 373 4422 (nordlich
391 4373 446 4410 von
466 4356 573 4427 Syrien)
603 4359 655 4412 mit
710 4359 836 4413 erreicht.

708 3790 827 3843 Fuciner
847 3789 933 3858 See's,
958 3790 1006 3843 der
1024 3790 1064 3843 im
1084 3790 1176 3846 Gcbic·
