2722 4762
172 185 237 250 154
487 185 660 239 CORNELII
678 185 802 240 TACITI
819 184 1017 241 ANNALIUM

119 347 159 410 12
259 347 320 412 Die
344 351 474 412 senatus
499 346 619 412 Caesar
648 348 827 411 orationem
853 345 971 412 habuit
997 347 1155 413 meditato
1182 353 1236 413 ten

170 441 290 501 mento.
334 437 438 520 patris
475 436 524 499 sui
560 437 703 519 legatum
741 442 837 518 atque
878 435 1018 500 amicum
1053 436 1207 502 Pisonem

170 525 412 609 adiutoremque
446 523 637 588 Germanico
671 524 783 587 datum
815 546 835 587 a
863 544 898 587 se
931 527 1062 589 auctore
1099 529 1216 589 senatu

168 613 256 697 apud
284 614 440 677 orientem
467 611 741 676 administrandis.
776 611 844 675 illic
871 613 1078 677 contumacia
1105 618 1140 678 01
1162 618 1236 678 certi

133 716 150 761 s
170 702 230 766 bus
250 706 432 785 asperasset
449 701 596 765 iuvenem
617 700 767 784 exituque
791 699 860 763 eius
878 701 1020 765 laetatus
1038 706 1137 786 esset,
1160 724 1202 765 an
1224 724 1236 765 s

168 791 373 872 extinxisset,
409 789 543 871 integris
581 788 696 851 animis
729 786 979 852 diiudicandum.
1022 787 1113 853 ‘nam
1150 791 1178 854 si
1214 791 1236 853 1(

168 877 267 942 officii
290 878 464 954 terminos,
492 875 682 959 obsequium
710 896 788 961 erga
814 876 1046 958 imperatorem
1074 878 1165 942 exuit
1186 878 1236 942 ein

167 987 228 1049 que
248 971 352 1030 morte
371 969 404 1029 et
421 967 510 1029 luctu
528 986 600 1028 meo
619 964 761 1028 laetatus
780 967 840 1047 est,
858 962 957 1029 odero
976 985 1231 1050 seponamquea

168 1076 242 1119 mea
278 1059 311 1118 et
346 1054 490 1138 privatas
526 1052 715 1116 inimicitias
751 1074 818 1117 non
851 1052 885 1116 vi
915 1052 1073 1135 principis
1105 1055 1236 1120 ulciscar

126 1155 158 1202 10
170 1141 292 1206 facinus
315 1143 350 1205 in
370 1143 598 1224 cuiuscumque
616 1139 803 1204 mortalium
822 1161 901 1204 nece
918 1139 1151 1206 vindicandum
1173 1143 1236 1207 cerr

166 1252 224 1294 vos
246 1251 323 1294 vero
346 1235 380 1294 et
402 1230 522 1293 liberos
546 1226 729 1292 Germanici
757 1232 790 1292 et
816 1250 876 1293 nos
907 1232 1058 1311 parentes
1090 1231 1188 1296 iustis
1212 1254 1236 1295 sr

168 1318 303 1382 adficite.
327 1319 484 1401 simulque
503 1316 583 1381 illud
602 1320 760 1400 reputate,
778 1316 907 1382 turbide
926 1321 960 1381 et
978 1317 1134 1384 seditiose
1152 1324 1236 1384 tract

167 1407 325 1470 exercitus
348 1405 442 1488 Piso,
474 1405 622 1489 quaesita
650 1406 715 1469 sint
742 1426 802 1488 per
823 1405 1037 1470 ambitionem
1060 1406 1171 1472 studia
1193 1409 1236 1474 mi

168 1494 266 1558 armis
290 1495 427 1577 repetita
449 1493 633 1576 provincia,
660 1516 702 1557 au
728 1493 812 1557 falsa
838 1493 920 1559 haec
946 1493 982 1557 in
1005 1495 1111 1559 maius
1135 1497 1236 1581 vulga·

123 1595 156 1643 15
167 1585 383 1664 accusatores,
406 1604 543 1666 quorum
571 1602 632 1665 ego
664 1581 775 1646 nimiis
807 1582 923 1646 studiis
945 1582 1015 1647 iure
1045 1604 1229 1650 succenseo.

165 1691 227 1753 quo
260 1671 415 1753 pertinuit
451 1670 573 1734 nudare
605 1691 721 1752 corpus
754 1673 786 1734 et
814 1670 1081 1736 contrectandum
1111 1674 1205 1758 vulgi

164 1759 349 1840 permittere
382 1758 565 1842 differrique
598 1759 697 1822 etiam
732 1779 790 1841 per
826 1761 977 1823 externos
1014 1762 1186 1844 tamquam
1215 1784 1234 1825 v

163 1848 362 1930 interceptus
396 1853 495 1929 esset,
526 1847 554 1910 si
586 1847 712 1910 incerta
744 1846 849 1911 adhuc
878 1847 943 1911 ieta
974 1850 1008 1910 et
1030 1850 1208 1914 scrutanda

165 1934 265 2000 defleo
299 1936 445 2018 equidem
481 1935 585 1998 filium
614 1956 723 1998 meum
755 1955 943 2018 semperque
975 1935 1115 2001 deflebo:
1150 1938 1207 2002 sed

119 2035 254 2087 acreum
276 2024 434 2106 prohibeo
458 2045 521 2107 quo
544 2023 652 2086 minus
680 2027 794 2086 cuncta
822 2025 981 2107 proferat,
1010 2023 1129 2107 quibus
1153 2026 1236 2091 innor

165 2111 232 2175 eius
258 2112 419 2176 sublevari
450 2115 519 2194 aut,
549 2112 576 2174 si
600 2133 664 2195 qua
695 2111 758 2175 firit
790 2111 947 2195 iniquitas
971 2110 1173 2197 Germanici,
1206 2137 1236 2180 0(

164 2202 290 2349 {iria
312 2221 530 2370 1111ῗέ.
552 2199 951 2371 tristitiis
978 2221 1111 2372 (1ξῖ1
1122 2223 1236 2375 tit:

164 2375 295 2458 sanguis
328 2380 385 2439 aut
415 2376 494 2439 fides
527 2398 585 2439 sua
608 2379 763 2458 patronos
797 2375 894 2458 dedit,
916 2380 1076 2460 quantum
1107 2381 1236 2463 quisquc

118 2475 152 2523 25
164 2463 297 2546 quentia
315 2467 347 2526 et
366 2486 442 2528 cura
460 2464 556 2546 valet,
574 2464 681 2527 iuvate
700 2465 954 2548 periclitantem3
972 2464 1013 2528 ad
1032 2465 1169 2531 eundem
1182 2469 1236 2532 lab

164 2551 297 2614 eandem
320 2553 537 2616 constantiam
561 2556 764 2616 accusatores
793 2553 914 2617 hortor.
951 2551 985 2617 id
1013 2553 1121 2618 solum
1144 2555 1236 2620 Germ

163 2659 259 2720 super
281 2640 369 2723 leges
387 2641 655 2724 praestiterimus,
678 2641 763 2725 quod
785 2641 927 2706 incuria
949 2641 1057 2724 potius
1081 2664 1180 2726 quam
1198 2645 1233 2709 in

164 2727 248 2810 apud
281 2730 428 2792 senatum
465 2751 561 2813 quam
598 2729 683 2812 apud
720 2729 840 2793 iudices
874 2729 913 2793 de
944 2733 1049 2794 morte
1085 2730 1156 2796 eius
1196 2755 1236 2797 an

161 2818 228 2897 tur,
262 2820 368 2881 cetera
404 2818 474 2900 pari
505 2816 664 2881 modestia
692 2821 880 2882 tractentur.
925 2839 1021 2882 nemo
1045 2815 1145 2883 Drusi
1171 2821 1236 2885 laer

116 2918 151 2965 30
162 2925 256 2968 nemo
276 2907 470 2970 maestitiam
490 2928 596 2970 meam
615 2909 746 2989 spectet,
769 2927 828 2971 uec
852 2906 880 2971 si
899 2907 1017 2990 quain
1034 2928 1096 2973 nos
1119 2908 1236 2974 advers:

110 3078 151 3141 13
162 2997 336 3145 guntbriin
360 3082 493 3146 biduum
525 3083 713 3146 criminibus
746 3082 924 3147 obiciendis
957 3083 1113 3147 saccini
1143 3088 1236 3169 iique

161 3274 278 3338 gabaon.
311 3278 335 3338 6,
356 3277 390 3325 50
404 3287 524 3327 serrrrorre
539 3274 718 3328 0000110010
772 3273 825 3327 wie
845 3272 1070 3341 0000110111
1096 3291 1181 3345 quaer
1197 3291 1236 3329 aa

161 3345 259 3394 teritos.
772 3345 860 3398 tirreot
877 3345 943 3398 aliis
961 3345 1111 3413 ostendere,
1129 3346 1185 3400 mit
1202 3346 1236 3400 de

197 3410 245 3464 12.
278 3417 302 3464 3.
329 3412 409 3464 rebrre
427 3413 664 3468 administrandis.
690 3413 716 3467 S.
772 3431 829 3468 cus.
849 3430 872 3468 0.
891 3413 968 3469 infin.
986 3414 1017 3468 in
1030 3414 1152 3471 Cicero's
1170 3417 1236 3470 Brie:

160 3480 233 3535 Einl.
253 3487 276 3545 ξ.
297 3487 357 3548 109,
377 3483 402 3535 b.
772 3490 937 3539 contrectare
959 3486 1046 3539 omelia
1067 3487 1142 3541 nach
1161 3487 1224 3542 Sen.

197 3558 221 3606 5.
248 3569 376 3620 asperare
399 3554 469 3607 statt
487 3570 649 3621 exasperare
666 3555 718 3608 hat
773 3562 797 3622 1,
817 3562 842 3625 2,
864 3563 914 3624 13,
938 3554 1011 3609 doch
1029 3559 1096 3627 sagr
1113 3556 1236 3613 schonC

160 3623 226 3676 Tac.
246 3623 331 3687 (1110ος
352 3625 429 3677 sonet
447 3642 500 3677 nur
517 3624 563 3679 bei
582 3624 717 3679 Dichtern
771 3632 828 3681 tota
846 3633 932 3680 (00110
950 3631 1126 3683 contrectare.

159 3694 217 3747 und
235 3695 274 3748 im
293 3695 433 3748 silbernen
450 3695 557 3749 Latein.
809 3703 851 3751 11.
869 3699 1024 3765 permittere
1041 3699 1210 3768 differrique.
1228 3698 1236 3752 1

196 3771 219 3817 6.
257 3782 323 3818 rrara
345 3768 371 3819 si
395 3769 443 3820 ctt.
472 3765 581 3835 Wegen
599 3766 648 3820 des
666 3784 717 3819 un·
771 3768 904 3822 Wechsel
926 3768 974 3821 des
992 3768 1107 3823 0011001(
1123 3769 1184 3823 und
1200 3785 1236 3839 pa

158 3834 351 3889 vermittelten
376 3836 574 3904 Ueberganges
602 3856 651 3890 zur
676 3838 716 3890 di·
770 3837 1095 3894 Infinitivshct'l'acitus
1108 3858 1165 3895 nur
1176 3839 1236 3895 hier

158 3907 254 3958 recten
272 3905 349 3959 Rede
368 3926 388 3961 s.
409 3926 442 3960 zu
460 3914 486 3973 2,
506 3913 549 3962 77.
770 3925 821 3962 vor
842 3909 903 3962 ihm
928 3909 1015 3963 sehon
1034 3908 1140 3965 Cacsar
1155 3911 1184 3967 b.
1204 3928 1227 3966 c.

197 3981 238 4029 12.
257 3977 386 4030 turbidas
400 3978 441 4030 als
456 3978 647 4047 synonymum
660 3995 716 4033 von
770 3980 863 4033 orrrrrio
876 3981 1037 4048 permisceri
1053 3982 1168 4036 inaurat
1185 3999 1236 4051 qao

158 4047 310 4112 seditiosas,
329 4047 376 4100 bei
394 4048 508 4102 Tacitus
526 4049 641 4116 beliebt,
660 4066 715 4102 wo·
768 4051 876 4118 perirem
894 4051 1036 4105 dimittere.
1065 4056 1099 4106 61
1118 4054 1236 4123 eorrqrrir·

160 4131 251 4184 gegen
269 4116 365 4171 Cicero
388 4120 560 4173 trrrbalerrtrrs
583 4120 715 4174 vorrieht.
770 4121 880 4175 adriaci.
914 4127 938 4176 2.
964 4127 1008 4176 31.
1039 4120 1102 4177 Iriv.
1121 4128 1171 4192 19,
1189 4130 1236 4178 4.(

195 4193 238 4239 13.
271 4189 403 4242 exercitas
426 4192 497 4243 statt
515 4191 644 4258 lepiorres,
662 4191 715 4244 wie
770 4191 827 4244 und
846 4191 927 4245 diter.

161 4263 186 4325 1,
205 4263 247 4311 52.
806 4261 854 4318 lt.
881 4268 905 4316 1.
924 4267 1015 4331 atque,
1033 4262 1231 4321 0111100ιίιο10

195 4335 236 4383 16.
252 4330 373 4396 pertinet
386 4329 438 4383 mit
447 4330 568 4386 blossem
582 4331 714 4400 Infinitiv,
770 4332 898 4387 dination
912 4333 989 4387 einer
1002 4333 1192 4405 conjunctior
1206 4355 1236 4390 m
