2722 4762
401 196 511 251 LIBER
528 196 575 252 IV.
613 197 690 252 CAP.
709 201 787 252 6-8.
1115 195 1181 263 203

98 361 149 421 at.
185 361 219 421 et
251 379 292 421 ne
324 359 509 443 provinciae
533 359 626 424 novis
658 359 809 423 oneribus
841 359 1053 425 turbarentur
1077 363 1180 446 utque

98 446 214 510 asine
247 447 382 511 avaritia
414 452 470 512 aut
502 447 691 513 crudelitate
719 448 969 532 magistratuum
995 448 1181 533 tolerarent,
1191 464 1225 513 20

98 535 216 619 idebat3
238 557 408 618 corporum
431 537 578 619 verbera,
608 537 827 621 ademptiones
856 537 1015 602 bonorum
1038 537 1181 603 aberant.

99 645 159 707 per
181 623 311 688 Italiam
335 622 483 689 Caesaris
512 627 597 710 agri,
619 625 767 689 modesta
790 625 928 709 servitia,
952 627 1040 690 intra
1062 647 1181 709 paucos

98 717 147 777 tos
171 712 298 797 domus,
322 735 359 778 ac
383 714 411 777 si
435 715 562 798 quando
591 735 664 778 cum
687 714 821 798 privatis
850 713 1052 798 disceptaret,
1074 714 1181 780 forum
1248 728 1250 732 '

98 824 126 864 s.

103 889 192 965 Quae
215 894 330 954 cuncta
353 913 420 955 non
443 891 571 975 quidem
595 891 679 955 comi
702 891 770 974 via,
799 891 856 955 sed
878 890 1028 956 horridus
1052 913 1089 956 ac
1112 891 1211 975 ple-7

98 1000 146 1062 [ue
169 978 371 1057 formidatus,
394 980 555 1044 retinebat
582 983 704 1063 tamen,
732 980 833 1044 donec
860 984 963 1043 morte
986 979 1086 1044 Drusi
1112 1003 1181 1045 ver·

98 1070 166 1131 itur.
203 1089 280 1131 nam
299 1067 375 1132 dum
394 1069 560 1152 superfuit,
580 1090 735 1151 mansere,
758 1069 833 1153 quia
851 1067 986 1133 Seianus
1004 1069 1180 1153 incipiente

100 1177 116 1220 c
133 1156 283 1238 potentia
301 1155 396 1220 bonis
411 1157 554 1222 consiliis
574 1161 740 1221 notescere
753 1157 892 1240 volebat,
907 1161 940 1221 et
957 1158 1043 1222 ultor
1061 1161 1181 1222 metue-

98 1266 108 1307 r
138 1266 206 1308 non
238 1246 381 1309 occultus
414 1246 492 1327 odii,
523 1246 579 1309 sed
611 1246 723 1310 crebro
761 1267 897 1329 querens
929 1245 1084 1310 incolumi
1114 1247 1216 1312 filios

98 1354 190 1396 orem
227 1333 354 1415 imperii
392 1334 489 1398 alium
522 1335 639 1398 vocari.
685 1339 718 1398 et
750 1337 906 1419 quantum
943 1356 1109 1418 superesse
1145 1339 1182 1398 ut

98 1441 140 1504 ga
173 1422 322 1486 dicatur?
354 1423 476 1507 primas
513 1422 698 1487 dominandi
730 1445 802 1506 spes
834 1423 868 1486 in
901 1423 1016 1507 arduo,
1050 1423 1106 1488 ubi
1137 1425 1181 1488 sis

98 1532 188 1594 issus,
222 1511 333 1575 adesse
361 1511 468 1575 studia
499 1515 531 1574 et
560 1511 736 1576 ministros.
773 1515 936 1576 exstructa
967 1512 1034 1576 iam
1066 1516 1181 1597 sponte

98 1599 165 1662 r'ecti
190 1602 309 1680 castra,
343 1599 435 1664 datos
458 1600 492 1664 in
525 1622 656 1665 manum
678 1600 811 1683 milites,
834 1601 920 1664 cerni
945 1601 1087 1684 effigiem
1111 1601 1201 1670 eius,
1280 1634 1282 1638 ν

102 1688 276 1752 onimentis
301 1685 359 1752 Cn.
377 1687 520 1772 Pompei,
543 1709 727 1753 communes
750 1689 798 1752 illi
820 1711 893 1753 cum
916 1688 1040 1753 familia
1059 1688 1224 1754 Druso-10

104 1775 175 1839 fore
200 1781 343 1861 nepotes.
379 1777 573 1861 precandam
595 1781 670 1861 post
700 1777 781 1841 haec
805 1777 1013 1861 modestiam,
1042 1781 1079 1841 ut
1102 1798 1175 1841 con·

98 1886 119 1927 is
143 1869 236 1929 esset.
272 1886 375 1948 neque
398 1888 471 1930 raro
494 1888 597 1949 neque
621 1866 706 1950 apud
729 1887 848 1948 paucos
871 1865 951 1929 talia
973 1866 1121 1950 iaciebat,
1145 1869 1178 1929 et

99 1956 134 2015 ta
157 1975 282 2037 quoque
305 1955 374 2018 eius
398 1958 547 2037 corrupta
568 1976 667 2019 uxore
689 1954 918 2037 prodebantur.

98 2040 204 2125 Igitur
228 2041 363 2107 Seianus
395 2044 621 2108 maturandum
654 2046 743 2106 ratus
776 2043 890 2127 deligit
920 2063 1092 2126 venenum,
1116 2042 1209 2127 quo8

98 2130 169 2194 atim
197 2131 363 2214 inrepente
387 2131 539 2195 fortuitus
562 2133 694 2196 morbus
722 2131 977 2195 adsimularetur.
1012 2130 1050 2194 Id
1071 2130 1179 2196 Druso

98 2241 122 2281 n
144 2240 203 2301 per
225 2219 373 2305 Lygdum
397 2221 586 2303 spadonem,
609 2224 645 2284 ut
677 2224 750 2284 octo
784 2223 859 2303 post
892 2241 993 2284 annos
1012 2220 1179 2305 cognitum

105 2311 248 2372 ceterum
271 2309 417 2373 Tiberius
445 2331 502 2392 per
526 2331 636 2373 omnes
664 2309 856 2372 valetudinis
885 2309 953 2372 eius
976 2309 1058 2390 dies,
1089 2309 1179 2373 nullo

98 2453 99 2458 ,
132 2418 173 2460 an
210 2401 247 2460 ut
277 2397 508 2462 firmitudinem
541 2398 643 2461 animi
674 2401 866 2475 ostentaret,
900 2398 996 2461 etiam
1030 2397 1215 2462 defunctos

98 2507 146 2548 um
171 2485 311 2567 sepulto,
335 2486 457 2551 curiam
480 2485 646 2571 ingressus
670 2489 729 2550 est.
766 2487 975 2570 consulesque
1005 2487 1078 2550 sede
1110 2487 1179 2549 vul-

100 2596 158 2657 per
178 2575 317 2657 speciem
336 2575 518 2639 maestitiae
537 2575 683 2639 sedentes
702 2574 837 2639 honoris
856 2575 982 2658 locique
1003 2574 1178 2657 admonuit,

98 2663 203 2726 iusum
225 2663 260 2727 in
290 2663 439 2727 lacrimas
471 2667 619 2728 senatum
641 2663 728 2728 victo
757 2663 879 2748 gemitu
907 2663 1004 2727 simul
1033 2663 1179 2728 oratione

100 2772 166 2814 nua
189 2751 305 2816 erexit:
328 2774 393 2816 non
422 2752 551 2836 quidem
581 2752 643 2816 sibi
666 2752 816 2836 ignarum
838 2772 934 2834 posse
963 2752 1070 2836 argui,
1094 2751 1179 2837 quod

108 2944 187 2997 iutra
205 2944 394 3011 „beschrankt
408 2944 481 3001 aut‘.
505 2945 568 3014 Vgl.
660 2949 702 2997 11.
734 2948 853 3011 nepotes,
877 2941 942 2996 weil
964 2941 1091 2997 Tiberius
1115 2942 1177 2997 eine

116 3031 203 3067 unum
221 3017 299 3069 iutra
316 3017 455 3071 domuum.
493 3016 567 3071 Curt.
623 3014 744 3068 Tochter
762 3014 811 3068 des
831 3013 915 3083 Sejan
932 3012 1177 3080 taruanensem

110 3091 145 3140 26
173 3087 283 3140 utinum
311 3086 439 3141 Philotos
466 3103 569 3156 quoque
623 3086 699 3141 Sohn
712 3085 761 3138 des
774 3084 914 3149 Claudius,
928 3083 1074 3138 bestimmt
1087 3085 1176 3139 hatte.

124 3157 207 3210 nubo
240 3162 375 3226 peccasset
410 3177 480 3226 „nur
516 3158 569 3212 mit
621 3156 685 3225 Vgl.
705 3174 739 3209 zu
757 3162 783 3224 3,
802 3161 845 3209 29.

98 3230 153 3280 ³11“·
239 3300 244 3310 ,
293 3297 298 3309 ,
463 3300 469 3311 ,
541 3300 547 3312 ,
658 3251 700 3300 12.
736 3249 939 3313 et—quoque‚
961 3241 1178 3312 wicrasser

108 3297 201 3352 Ueber
218 3315 244 3352 aa
261 3299 314 3353 mit
328 3299 390 3353 dem
401 3298 567 3370 OonJunctiv
620 3317 699 3370 „opis
725 3331 829 3398 quoque
855 3315 934 3382 fidm,
973 3319 1006 3368 55
1034 3319 1071 3371 et,
1084 3315 1178 3369 ceteris

105 3375 131 3436 3,
151 3375 194 3424 69·
620 3403 731 3457 quoque.
755 3387 821 3441 bist.
842 3392 865 3452 1,
885 3391 919 3440 30
937 3389 962 3439 et
979 3385 1055 3440 Nero
1073 3401 1177 3455 quoque

98 3446 120 3494 1·
140 3440 269 3494 immam
288 3439 494 3521 nabsssffiflend‘l
620 3474 667 3512 cos
684 3458 814 3512 destituit.
853 3457 913 3512 Scit
930 3455 1025 3511 Livius
1044 3457 1179 3512 zerstreut

102 3516 249 3578 marcere,
275 3512 332 3564 erst
354 3529 383 3565 m
402 3512 455 3566 den
473 3514 566 3567 Anna·
620 3528 828 3583 vorkmmend,

107 3585 186 3637 ⁸⁰n⁸t
217 3581 394 3636 dichteriwh'
423 3613 458 3623 ““
485 3585 566 3650 “²⁸⁰²
657 3616 685 3673 8.
718 3623 744 3672 4.
776 3617 853 3671 nullo
875 3620 947 3669 metu
966 3633 1004 3669 aa
1022 3620 1053 3668 ut
1072 3615 1120 3668 ctt.
1139 3614 1178 3668 ist

99 3653 134 3707 ch
153 3652 267 3706 Drusus.

98 3725 210 3778 ...a
385 3723 497 3849 anu
515 3743 568 3850 g
621 3685 1176 3826 r?stastatuta

98 3795 392 3920 ffldsgprillflgstzfflllli
420 3811 483 3849 ⁸⁰¹¹⁸
620 3835 666 3884 rut
683 3831 790 3884 modica
808 3845 868 3882 csse.
889 3827 916 3881 S.
931 3827 1003 3881 Einl.
1018 3831 1042 3893 t·
1059 3833 1118 3895 119,
1134 3833 1176 3881 12·

98 3938 125 3990 ,·„
144 3938 233 3990 „duo
253 3936 431 4004 „vereimst’
450 3937 567 3991 ,soffia
657 3925 681 3974 6,
713 3919 781 3998 sede·
794 3917 935 4004 vulparia
947 3915 1005 3970 also
1029 3915 1108 3970 nicht
1129 3915 1180 3970 auf

98 4007 187 4062 Ueber
209 4012 303 4075 sponte
326 4007 380 4061 mit
402 4007 467 4061 dem
485 4007 567 4062 Geni.
622 3990 676 4043 den
694 3988 868 4043 curuhschen
886 3985 1012 4041 Stuhlen.

109 4085 190 4146 2112,
210 4084 252 4134 59.
657 4082 682 4134 8.
710 4078 793 4131 simul
810 4076 848 4130 ist
866 4075 986 4142 Adverb,
1005 4075 1085 4130 nicht
1103 4078 1176 4129 etwa

101 4149 184 4203 Nach
207 4155 233 4217 3,
252 4155 285 4203 72
312 4150 390 4203 hatte
414 4148 499 4218 Sejan
522 4149 568 4204 bei
621 4148 800 4217 Prtposition
827 4147 857 4200 in
883 4147 1074 4216 Anastrophe,
1102 4146 1176 4200 denn

98 4221 198 4275 3rande
213 4220 261 4274 des
276 4220 411 4274 Theaters
424 4220 472 4275 des
485 4220 567 4274 Pom·
620 4219 667 4273 bei
690 4219 913 4287 unbofangenem
940 4218 1027 4272 Lesen
1051 4218 1177 4271 versteht

120 4291 211 4346 durch
245 4292 321 4346 scine
353 4290 473 4360 Energie
505 4292 567 4346 dem
621 4306 686 4343 man
710 4289 756 4343 die
778 4288 1027 4358 voraufgehenden
1044 4287 1175 4341 Ablative

116 4363 234 4417 Einhalt
252 4361 364 4432 gethan.
622 4379 675 4414 nur
693 4361 735 4414 als
754 4360 888 4415 absolute.
