2722 4762
392 212 500 267 LIBER
519 214 579 267 xil.
605 213 683 269 CAP.
703 220 817 270 eo-re.
1148 208 1194 273 55

96 386 175 449 sque
198 368 425 448 praesumeret.
471 363 568 429 simul
591 364 646 447 qui
669 365 896 429 centurionum
918 364 1189 449 tribunorumque

96 476 130 517 m
147 451 331 519 Britannici
352 452 600 534 miserabantur,
623 453 740 517 remoti
758 453 843 518 fictis
862 454 968 519 causis
993 457 1026 517 et
1048 452 1106 518 alii
1127 476 1188 538 per

96 563 148 606 em
165 541 315 624 honoris3
334 541 434 605 etiam
452 541 642 605 libertorum
657 540 684 603 si
698 541 770 625 quis
784 542 971 625 incorrupta
988 540 1060 625 fide,
1080 541 1187 625 depel-

106 630 167 695 tali
190 630 368 694 occasione.
410 629 497 693 obvii
519 630 605 694 inter
628 651 662 693 sc
684 627 771 695 Nero
794 630 1021 696 Britannicum
1043 631 1188 716 nomine,

96 717 265 783 )omitium
289 719 478 783 salutavere.
523 718 609 802 quod
636 723 674 782 ut
701 718 879 784 discordiae
907 720 1038 784 initium
1066 720 1184 805 Agrip·
1200 740 1238 790 ro

107 808 211 872 multo
235 811 350 891 questu
373 806 414 870 ad
438 807 591 871 maritum
614 807 730 871 defert:
757 809 866 891 sperni
893 809 1011 892 quippe
1036 808 1185 891 adoptio-

112 918 258 981 quaeque
276 896 462 961 censuerint
479 899 598 979 patres,
622 896 753 960 iusserit
771 899 917 981 populus,
940 898 1028 961 intra
1045 900 1184 981 penates

97 985 170 1071 gari,
195 1008 233 1049 ac
252 985 316 1048 nisi
334 985 477 1067 pravitas
495 988 565 1048 tam
583 984 712 1048 infensa
731 985 915 1050 docentium
934 988 1089 1069 arceatur,
1112 1008 1183 1050 eru·

97 1124 101 1137 .
124 1075 159 1137 in
183 1075 346 1156 publicam
369 1074 552 1155 perniciem.
594 1079 775 1138 commotus
799 1074 850 1139 his
875 1074 968 1159 quasi
992 1074 1182 1139 criminibus

97 1184 163 1227 ium
195 1184 353 1246 quemque
385 1162 589 1226 educatorem
623 1162 683 1225 filii
716 1162 812 1227 exilio
846 1167 904 1227 aut
934 1167 1037 1227 morte
1070 1164 1181 1230 adficit
1199 1182 1235 1234 oo

100 1274 162 1335 que
186 1274 205 1315 a
228 1273 367 1316 noverca
390 1251 555 1316 custodiae
579 1251 646 1317 eius
669 1251 806 1335 inponit.

97 1339 246 1404 Nondum
264 1343 376 1403 tamen
395 1362 520 1404 summa
539 1340 646 1403 moliri
664 1340 846 1425 Agrippina
866 1340 1018 1423 audebat,
1036 1341 1072 1404 ni
1089 1340 1236 1425 prae-42

97 1452 162 1492 ‚arm
185 1428 366 1493 cohortium
390 1450 467 1492 cura
490 1429 732 1493 exsolverentur
753 1429 869 1493 Lusius
894 1428 977 1493 Geta
996 1432 1029 1493 et
1046 1428 1181 1495 Rufrius

97 1519 185 1599 inus,
216 1539 296 1602 quos
320 1516 515 1581 Messalinae
543 1539 701 1582 memores
730 1522 763 1582 et
788 1517 898 1582 liberis
923 1519 991 1582 eius
1015 1518 1181 1583 devinctos

97 1608 163 1671 bat.
207 1606 308 1691 igitur
336 1605 473 1669 distrahi
501 1606 650 1670 cohortes
680 1608 805 1671 ambitu
835 1607 972 1671 duorum
1003 1611 1048 1690 et,
1080 1607 1109 1670 si
1139 1608 1182 1672 ab

97 1699 284 1779 egerentur,
307 1695 515 1758 intentiorem
533 1694 602 1759 fore
621 1695 824 1779 disciplinam
845 1695 1054 1760 adseverante
1072 1717 1181 1779 uxore,
1202 1713 1218 1762 5

97 1784 197 1848 fertur
217 1784 364 1868 regimen
388 1783 569 1848 cohortium
592 1784 633 1847 ad
657 1783 796 1848 Burrum
816 1782 1004 1865 Afranium,
1028 1785 1179 1869 egregiae

98 1873 153 1936 iris
166 1873 283 1955 famae,
303 1892 441 1956 gnarum
455 1875 567 1936 tamen
581 1872 671 1936 cuius
686 1876 801 1956 sponte
816 1872 1051 1956 praeficeretur.
1084 1894 1179 1938 suum

98 1984 129 2025 re
153 1962 320 2046 fastigium
343 1961 526 2045 Agrippina
548 1962 702 2025 extollere
726 1962 839 2025 altius:
870 1965 1024 2043 carpento
1048 1958 1179 2043 (lapito-

103 2049 243 2134 ingredi,
271 2050 326 2134 qui
349 2050 453 2113 honos
477 2049 697 2114 sacerdotibus
722 2054 755 2114 et
777 2050 876 2115 sacris
901 2049 1080 2133 antiquitus
1104 2071 1180 2115 con·

98 2162 110 2202 s
134 2139 374 2202 venerationem
398 2138 539 2223 augebat
565 2138 718 2220 feminac,
746 2161 844 2222 quam
870 2139 1064 2222 imperatore
1088 2138 1231 2223 geni-10

98 2355 123 2403 ct
142 2351 193 2402 olii
211 2351 281 2402 statt
301 2349 352 2401 olii
372 2378 405 2387 —-
424 2349 489 2413 clii,
508 2347 562 2401 vvis
652 2347 700 2404 42.
715 2355 739 2401 2.
755 2348 847 2402 Ueber
861 2346 934 2402 Geta
947 2349 1004 2418 vgl.
1020 2353 1063 2417 11,
1078 2354 1120 2403 31.
1132 2354 1175 2403 33.

99 2464 104 2473 .
129 2427 157 2487 1,
178 2426 210 2473 63
237 2426 266 2472 ut
285 2435 354 2486 opacis
372 2424 397 2472 et
416 2420 467 2472 olii
484 2435 562 2486 proc·
652 2425 676 2472 3.
696 2419 788 2473 Uebor
808 2418 949 2488 Crispinus
974 2438 994 2473 s.
1014 2438 1047 2472 zu
1067 2426 1113 2488 11,
1135 2426 1161 2474 1.

98 2494 241 2557 acciperent.
276 2497 317 2553 13,
333 2496 374 2542 311.
395 2489 459 2543 hist.
474 2496 499 2555 3,
518 2495 560 2542 27.
653 2497 677 2543 6.
706 2490 809 2543 Burrus
833 2491 910 2545 starb
933 2490 973 2543 im
997 2490 1022 2544 J.
1042 2497 1089 2559 62,
1108 2490 1178 2544 viel·

98 2582 108 2614 r
128 2562 193 2615 Tac.
208 2561 237 2613 in
255 2560 350 2614 seinen
369 2560 471 2613 beiden
485 2566 561 2629 griis·
616 2561 704 2614 leieht
722 2578 777 2615 von
796 2562 870 2617 Nero
889 2561 1031 2631 vergiftet.
1055 2568 1097 2629 14,
1117 2568 1160 2616 ol.

99 2632 232 2687 Werken.
653 2639 677 2686 7.
702 2638 797 2699 sponte
820 2632 873 2685 mit
897 2632 961 2687 dein
981 2632 1100 2686 Genetiv
1123 2636 1181 2687 eret

107 2723 208 2789 quippe
232 2720 262 2773 jn
288 2720 465 2788 guaspmphe
489 2720 560 2773 auch
615 2702 656 2755 im
674 2702 815 2756 silbernen
833 2702 946 2769 Letoia,
970 2703 1017 2757 bei
1036 2702 1101 2758 'Fac
1121 2705 1179 2757 eret

108 2799 142 2846 33
162 2793 218 2846 und
238 2791 317 2845 fige„
615 2773 646 2826 in
671 2774 726 2827 den
750 2781 896 2842 gresseren
923 2773 1054 2827 Werken.
1093 2772 1120 2827 S.
1144 2792 1179 2827 zu

617 2852 632 2897 ’1
661 2850 703 2898 59.

635 2888 677 2969 ’8.
710 2920 852 2982 carpento,
883 2913 1117 2969 wahrscheinlich
1148 2914 1180 2969 in

616 2986 703 3055 Folge
718 2985 793 3039 eines
810 2984 1089 3039 Senatsbeschlusses.
1122 2984 1179 3041 Dio

617 3063 663 3126 60,
687 3062 722 3111 33
745 3057 794 3109 acl
817 3056 855 3126 τῷ
879 3057 1037 3139 καρπεντίφ
1061 3052 1093 3110 ἐν
1115 3062 1180 3119 ταῖς

616 3123 790 3196 πανηγύρεσι
810 3128 933 3196 χρῆσθαι
952 3146 1028 3195 παρα
1048 3127 1097 3195 τῆς
1111 3128 1179 3195 βου-

298 3243 304 3254 .
493 3242 498 3253 .
617 3200 666 3266 λῆς
695 3196 803 3269 ἔλαβεν.
841 3198 916 3253 Suet.
947 3197 1044 3252 Claud.
1073 3204 1115 3252 11.
1145 3230 1180 3238 -

120 3246 185 3324 11111.
209 3241 438 3324 1111111181111111
471 3242 563 3324 11111111
617 3269 800 3338 Ueberhaupt
813 3287 907 3324 waren
921 3269 1086 3323 dieFrauen
1100 3270 1183 3323 rticlr-

99 3316 143 3368 1111
162 3332 206 3368 01¹1
225 3314 405 3395 kfflreslwhffl
423 3312 561 3381 R⁰³⁰r11³i
617 3340 748 3394 sichima
763 3340 989 3411 aeraqurpsgen
1003 3340 1091 3395 aurea
1107 3339 1180 3395 eree

120 3386 219 3440 1111111111
243 3386 290 3438 11111
309 3385 417 3454 1111118111
441 3385 561 3437 1111111111·
616 3412 675 3464 und
687 3412 878 3467 Herlrommen
893 3411 1109 3481 eingeschrtnlrt
1124 3410 1182 3465 und

117 3457 156 3526 fg·
617 3482 704 3537 echon
722 3484 771 3537 der
790 3484 848 3537 alte
868 3482 937 3537 Cato
960 3482 1021 3551 legt
1046 3500 1075 3536 es
1093 3482 1181 3535 ihnen

113 3559 164 3607 aiot
190 3559 281 3607 morte.
325 3552 377 3608 Die
405 3552 561 3607 Handschr.
617 3554 659 3607 als
683 3554 856 3607 Uebermuth
880 3571 942 3619 aus,
969 3554 1106 3619 carpentis
1125 3568 1179 3619 per

99 3642 116 3689 e,
141 3625 208 3678 aber
231 3625 287 3692 vgl.
307 3631 337 3691 3,
357 3630 392 3676 21
414 3625 562 3678 adulteros·
617 3626 709 3678 urbem
723 3626 832 3678 sectori.
853 3624 948 3677 Selbst
962 3623 1016 3676 den
1030 3622 1180 3677 Gebrauch

101 3712 163 3749 rura
181 3701 264 3748 auerte
285 3701 334 3749 aut
355 3696 427 3762 supa
442 3696 562 3761 protrivit.
617 3695 694 3749 einer
722 3695 819 3749 Stulte
847 3696 1008 3762 untcrsagtc
1032 3692 1181 3747 Domitian

102 3773 113 3818 t
132 3771 302 3820 morasmoras
320 3766 403 3819 csilio
418 3771 467 3818 aiot
480 3771 564 3818 morta
617 3767 671 3819 den
686 3767 828 3835 probrosis
846 3766 963 3831 feminis.

99 3843 191 3891 antur.
226 3868 260 3875 -
292 3837 344 3890 Die
380 3836 562 3905 nunmohrige
653 3844 677 3890 9.
710 3839 804 3890 sacris.
841 3834 1084 3890 Wahrscheinlich
1112 3834 1175 3889 sind

100 3909 188 3977 dlung
225 3909 273 3961 des
305 3907 480 3961 Britannicus
515 3907 562 3961 be·
616 3908 711 3961 lrleino
748 3906 927 3961 Standbilder
963 3906 1013 3959 der
1049 3906 1177 3961 Penaten

100 3981 130 4033 et
144 3979 198 4032 Dio
213 3985 261 4045 60,
277 3986 309 4031 32
325 3996 368 4032 so:
388 3974 443 4031 asia
461 3974 562 4031 τούτου
616 3979 701 4032 Roms
721 3978 854 4048 gemeint.

100 4051 170 4103 οὖσα
189 4045 278 4103 αὐτὸν
298 4048 339 4111 οἷς
357 4045 478 4116 ἤθελεν,
498 4044 562 4102 ἑκά·
654 4057 696 4103 10.
724 4052 893 4117 superorare.
930 4048 994 4102 Wie
1023 4048 1068 4102 die
1094 4046 1178 4101 Stiel-

100 4139 149 4175 aov
179 4116 308 4174 ἐδύνατο.
345 4120 393 4173 aul
426 4116 491 4173 orire
523 4120 561 4173 τῶ
617 4121 704 4175 sdhne
728 4121 776 4173 des
801 4120 956 4189 Augustus,
984 4118 1110 4173 niimlich
1132 4117 1179 4170 1111-

113 4197 244 4245 συνεῖναι
272 4187 337 4244 οὔτε
367 4186 397 4251 ἐς
420 4189 451 4244 τὸ
476 4174 563 4259 δημὸ-
616 4191 710 4246 berius
728 4190 786 4244 und
804 4191 922 4258 Drusus,
948 4208 978 4245 so
1002 4191 1081 4244 hatte
1105 4187 1179 4241 auch

100 4260 214 4331 τροϊέναι
234 4264 292 4328 εἴα,
318 4256 376 4314 ἀλλ’
398 4257 429 4315 ἐν
448 4257 561 4333 ἀδέσμῳ
617 4262 798 4316 Germanicus
808 4262 860 4316 auf
864 4259 1029 4316 hebenszeit
1040 4261 1093 4313 den
1101 4257 1181 4311 Titel

100 4355 106 4379 r
126 4329 189 4387 τινὰ
209 4333 321 4403 φυλακῇ
341 4329 425 4401 εἶχεν.
618 4336 766 4401 irriperator
784 4333 920 4387 erhalten.

99 2891 224 2957 populus.
253 2889 320 2941 Dies
340 2888 377 2940 ist
396 2887 457 2941 eine
472 2888 562 2941 blosse

99 2979 125 3027 n,
158 2960 232 3013 denn
261 2959 308 3012 bci
336 2959 385 3012 dor
413 2958 561 3028 Arrogatio

104 3049 147 3099 cp.
167 3034 211 3097 26)
231 3030 308 3084 vvard
327 3030 377 3083 das
393 3028 467 3083 Volk
484 3029 563 3083 nicht

107 3102 233 3172 gefragt,
266 3101 386 3155 sondern
414 3100 502 3153 durch
528 3107 561 3155 30

99 3191 132 3227 en
163 3174 313 3226 ventretea.
365 3171 425 3225 Scit
462 3171 561 3225 Kaisar
