2722 4762
105 183 168 247 156
419 182 591 238 CORNELII
611 183 734 239 raom
752 180 951 236 lunantur

102 344 177 409 Piso
206 345 355 408 abnuere.
393 345 489 409 simul
516 345 629 427 populi
657 349 732 409 ante
762 344 885 408 curiam
917 360 1015 407 voces
1046 340 1259 405 audiebantur:

102 454 170 496 non
205 435 442 516 temperaturos
473 432 637 509 manibus,
675 433 703 496 si
738 435 869 515 patrum
900 428 1082 495 sententias
1112 429 1260 495 evaderet

60 536 93 584 15
105 521 292 605 effigiesque
322 520 449 585 Pisonis
482 525 649 585 traxerant
680 521 716 584 in
739 519 915 584 Gemonias
946 538 984 582 ac
1007 516 1259 602 divellebant,ni

102 609 192 672 iussu
224 609 379 692 principis
409 612 575 691 protectae
612 609 836 692 repositaeque
867 606 985 672 forent
1020 605 1125 691 igitur
1154 604 1259 671 indiur

102 697 234 761 lecticae
262 701 295 761 et
325 720 344 761 a
366 698 497 762 tribuno
521 698 702 780 praetoriae
730 695 873 761 cohortis
905 694 1062 759 deductus
1092 699 1157 778 est,
1184 694 1259 759 vario

102 807 239 868 rumore,
262 788 370 850 custos
394 786 491 850 saluti
515 807 558 849 an
582 785 696 850 mortis
720 788 850 849 exactor
872 785 1071 867 sequeretur.

52 873 94 937 15
191 872 316 938 Eadem
337 872 512 938 Plancinae
535 874 671 956 invidia,
693 873 797 937 maior
819 871 939 957 gratia3
961 891 1064 954 eoque
1088 869 1259 955 ambignum
1298 886 1301 911 ³

103 962 283 1027 habebatur
305 965 461 1045 quantum
486 958 616 1026 Caesari
643 963 677 1025 in
701 982 772 1026 eam
795 961 915 1025 liceret.
951 962 1049 1043 atque
1071 958 1154 1042 ipsa,
1176 958 1259 1023 donee
1293 1004 1301 1014 .

103 1050 227 1114 mediae
249 1049 361 1114 Pisoni
384 1071 467 1132 spes,
490 1050 609 1114 sociam
623 1071 668 1114 se
691 1050 920 1133 cuiuscumque
942 1046 1095 1111 fortunae
1117 1050 1159 1131 et,
1180 1046 1260 1111 siita
1293 1074 1301 1103 ι

103 1139 211 1220 ferret,
234 1139 385 1202 comitem
409 1138 497 1201 exitii
515 1138 745 1220 promittebat3
769 1141 807 1201 ut
830 1135 960 1201 secretis
983 1136 1155 1221 Augustae
1175 1133 1259 1219 preci

68 1227 164 1290 obus
188 1226 316 1289 veniam
348 1226 506 1308 obtinuit,
534 1227 692 1309 paulatim
726 1225 890 1311 segregari
921 1246 942 1289 a
972 1225 1105 1308 marito,
1137 1222 1261 1289 dividere
1292 1252 1295 1265 =

105 1314 324 1377 defensionem
339 1315 453 1397 coepit.
481 1315 566 1398 quod
581 1336 654 1378 reus
668 1318 841 1398 postquam
852 1313 915 1377 sibi
928 1312 1094 1377 exitiabile
1107 1310 1260 1396 intellegit
1291 1330 1301 1387 J

105 1423 147 1465 an
171 1401 274 1465 adhuc
298 1403 494 1485 experiretur
517 1402 679 1485 dubitans,
700 1402 907 1466 hortantibus
924 1400 999 1465 filiis
1017 1399 1117 1465 durat
1136 1403 1258 1465 mentun
1294 1419 1301 1425 ·

106 1494 316 1573 senatumque
335 1511 464 1554 rursum
477 1491 671 1574 ingreditur,
694 1490 1010 1574 redintegratamque
1028 1488 1258 1569 accusationem,

104 1578 250 1642 infensas
282 1581 411 1660 patrum
448 1600 556 1661 voces,
588 1579 723 1643 adversa
754 1582 787 1643 et
818 1600 915 1642 saeva
946 1578 1065 1642 cuncta
1095 1594 1259 1661 perpessus,
1290 1595 1301 1619 ⁶

62 1682 95 1729 10
105 1667 196 1731 nullo
220 1667 325 1750 magis
349 1667 521 1731 exterritus
546 1671 595 1730 est
623 1689 719 1751 quam
750 1667 836 1751 quod
859 1666 1026 1732 Tiberium
1052 1664 1124 1729 eine
1145 1664 1259 1729 micans·
1288 1712 1293 1722 .

105 1755 204 1837 tione,
228 1755 297 1818 sine
320 1755 377 1838 ira,
401 1756 602 1819 obstinatum
633 1756 841 1840 clausumque
863 1754 957 1837 vidit,
988 1774 1030 1817 ne
1063 1774 1128 1837 quo
1151 1752 1258 1817 adfecti

104 1847 374 1926 perrumperetur.
422 1843 546 1908 relatus
588 1844 732 1926 domum,
772 1847 941 1926 tamquam
986 1839 1258 1907 defensionemin

104 1936 274 2014 posterum
296 1931 519 2015 meditaretur,
542 1953 647 2014 pauca
669 1931 846 1996 conscribit
868 1931 1084 2015 obsignatque
1107 1942 1142 1993 et
1161 1928 1258 1993 liberto
1287 1966 1301 2006 ,-

104 2019 218 2104 tradit3
241 2023 312 2084 tum
345 2019 442 2084 solita
473 2020 615 2084 curando
648 2019 778 2103 corpori
806 2018 999 2103 exsequitur.
1034 2016 1112 2083 dein
1143 2018 1259 2083 multon

61 2111 179 2190 ropost
201 2111 342 2189 noctem,
366 2127 496 2190 egressa
518 2108 664 2172 cubiculo
692 2129 806 2186 uxore,
838 2107 959 2190 operiri
990 2105 1077 2171 fores
1105 2104 1260 2192 iussit3et
1292 2142 1296 2147 -

105 2197 220 2277 coepta
243 2195 313 2258 luce
336 2194 484 2278 perfosso
507 2195 628 2278 iugulo,
650 2197 777 2261 iacente
800 2196 891 2261 humi
910 2193 1029 2281 gladio,
1046 2197 1196 2278 repertus
1214 2194 1261 2259 aa
1298 2212 1301 2219 ·

53 2281 94 2346 16
192 2282 314 2346 Audire
346 2303 398 2345 me
428 2284 562 2348 memini
594 2305 633 2348 ex
665 2284 848 2349 senioribus
887 2284 994 2347 visum
1030 2283 1163 2366 saepius
1190 2283 1262 2347 inter

104 2392 220 2433 manus
239 2369 369 2434 Pisonis
392 2371 549 2454 libellum,
571 2394 667 2456 quem
689 2373 760 2456 ipse
777 2393 845 2437 non
862 2370 1056 2456 vulgaverit,
1078 2370 1137 2435 sed
1155 2370 1263 2437 emim

105 2458 173 2522 eius
203 2458 416 2543 dictitavisse,
435 2459 562 2523 litteras
590 2460 713 2524 Tiberii
743 2465 776 2526 et
803 2459 958 2524 mandata
983 2459 1020 2523 in
1046 2457 1282 2525 Germaniam·

105 2546 276 2630 contineri,
309 2568 346 2610 ae
374 2547 570 2612 destinatum
599 2570 749 2632 promere
779 2548 866 2632 apud
893 2551 1002 2631 patres
1033 2546 1265 2631 principemque

68 2652 85 2699 5
104 2655 247 2718 arguere,
269 2635 305 2698 ni
324 2635 430 2700 elusus
451 2658 470 2699 a
490 2634 608 2702 Seiano
627 2659 686 2721 per
702 2659 788 2701 vana
805 2638 967 2721 promissa
984 2635 1082 2718 foret3
1104 2656 1167 2701 nec
1183 2636 1265 2701 illurn

105 2728 220 2806 sponte
240 2723 427 2802 extinctum,
449 2746 561 2788 verum
579 2725 717 2789 inmisso
736 2746 932 2808 percussore.
965 2744 1103 2808 quorum
1125 2726 1266 2789 neutrum
1299 2768 1301 2773 -

104 2811 372 2894 adseveraverim,
395 2835 499 2896 neque
522 2818 632 2877 tamen
662 2814 807 2878 occulere
842 2812 938 2877 debui
968 2815 1138 2877 narratum
1170 2812 1211 2877 ab
1229 2810 1266 2875 iir

104 2901 159 2983 qui
182 2905 328 2966 nostram
346 2901 387 2965 ad
405 2902 569 2967 iuventam
593 2902 799 2967 duraverunt
841 2899 961 2966 ansar
978 2901 1061 2965 flexo
1085 2900 1121 2964 in
1144 2898 1266 2965 maesti·

141 3132 181 3180 15.
215 3128 386 3181 diocliebcut.
405 3129 497 3183 Ucber
515 3129 569 3183 den
587 3129 662 3183 Indi·
716 3127 789 3182 diter
807 3127 858 3182 das
876 3128 994 3181 Prtsens
1016 3143 1073 3182 von
1095 3128 1189 3183 nidere
1203 3125 1268 3183 nael

85 3196 179 3255 cativ
207 3214 227 3250 s.
251 3197 325 3250 Einl.
351 3203 375 3262 §-
400 3203 424 3251 1.
447 3229 482 3238 —
507 3199 661 3267 Gemonios,
712 3203 873 3267 poctquom:
895 3206 918 3266 1,
933 3203 977 3252 48.
992 3203 1035 3266 14,
1049 3203 1093 3256 60.
1111 3197 1268 3267 tristati.

104 3266 177 3320 ohne
196 3266 251 3319 den
270 3268 370 3320 Zusatz
388 3269 479 3322 scalas
492 3269 538 3323 bei
553 3270 619 3323 Tac.
634 3288 661 3326 u.
713 3275 802 3337 postq.
821 3271 950 3324 babemus
968 3284 1031 3322 ann.
1054 3275 1102 3338 14,
1115 3276 1160 3327 44

104 3335 217 3389 suem·
753 3363 775 3412 7.
810 3358 895 3412 durat
913 3357 984 3411 statt
1002 3357 1135 3423 obduratr
1162 3357 1266 3425 bisti,

141 3427 183 3476 18.
207 3428 295 3477 creatos
312 3425 410 3492 solati,
434 3425 487 3480 wic
507 3433 531 3492 6,
551 3433 585 3480 36
605 3443 661 3482 cor-
717 3432 750 3480 59
775 3428 813 3481 ad
835 3443 912 3481 omne
937 3428 1050 3493 facinus
1074 3429 1202 3485 dm.
1235 3426 1267 3481 Sc

98 3495 167 3563 pori
185 3496 314 3549 custodes.
348 3495 661 3552 Sueton.Tib.12ca-
716 3498 801 3552 schon
819 3499 912 3552 Plaut.
931 3496 1030 3553 Pseud.
1049 3503 1102 3552 235
1125 3514 1174 3555 cos·
1194 3500 1267 3555 Μ

104 3566 206 3621 atodcm
224 3566 307 3632 factis
326 3571 406 3636 atque
424 3569 512 3621 dictis
542 3568 569 3622 S.
589 3568 661 3622 Einl.
752 3591 777 3640 g,
795 3586 1018 3655 redimeymtum,
1035 3586 1074 3640 Es
1092 3586 1133 3642 ist
1149 3588 1211 3645 2130
1226 3586 1266 3643 ein

105 3641 128 3701 ς.
148 3643 191 3690 32.
210 3667 245 3677 -
268 3642 385 3720 ememor·
397 3637 426 3720 in
446 3637 538 3721 dieser
557 3640 661 3694 Bedeu-
716 3672 801 3710 neue„
816 3657 931 3710 Termin
943 3658 1267 3729 (comperendinatam-

104 3709 175 3775 tung
197 3709 254 3762 erat
276 3712 331 3762 se1t
353 3709 462 3775 L1vrus3
491 3709 537 3763 ber
561 3709 662 3765 Caesar
716 3726 846 3781 bel-aum
871 3727 992 3783 worden,
1030 3728 1106 3783 chi
1132 3728 1193 3785 Mal
1216 3742 1269 3785 w

104 3777 193 3831 heiut
211 3794 240 3831 es
261 3778 554 3848 „Steuereintreibert
715 3798 820 3852 cetera
839 3799 868 3851 in
887 3798 937 3853 der
954 3797 1044 3854 steno
1062 3798 1238 3857 venatur.

140 3863 188 3920 15·
217 3871 241 3920 ²·
275 3867 371 3933 liceret
391 3885 489 3938 wesen
508 3868 558 3922 dtr
575 3869 662 3922 mab·
753 3891 795 3941 10.
813 3886 891 3939 nullo
909 3888 981 3941 statt
997 3887 1079 3942 uultu
1095 3902 1134 3944 re.
1167 3888 1206 3945 So
1222 3902 1270 3943 nur
1298 3930 1301 3935 .

104 3934 265 3989 weisliehen
278 3936 434 3992 Rucksicht
452 3939 503 3993 auf
519 3939 563 3993 die
583 3938 662 4007 Sym·
715 3956 777 4010 hie,
813 3957 860 4010 bei
887 3957 941 4011 den
963 3956 1067 4012 beiden
1089 3956 1199 4015 soum
1219 3956 1271 4015 md
1299 3966 1301 3999 ε

103 4005 201 4074 pathie
221 4005 271 4059 der
288 4007 377 4062 Liria.
717 3998 879 4092 Qujn’ffljan,

140 4100 165 4147 3.
188 4094 214 4147 εἰ
232 4094 273 4146 ita
291 4094 382 4164 ferret,
399 4095 592 4166 impersonell,
610 4116 662 4152 nur
753 4104 794 4152 12.
826 4114 1004 4168 perrmnpcrc
1026 4098 1271 4173 „tiberwltltigant

103 4165 165 4219 hier
183 4163 241 4217 und
258 4163 322 4218 hist.
342 4171 368 4233 2,
387 4172 434 4233 44;
453 4170 532 4222 sonat
544 4167 590 4223 bei
603 4169 661 4223 kei·
715 4169 748 4222 In
767 4168 857 4223 dieser
871 4169 1037 4240 Bedeutung
1049 4170 1130 4226 nicht
1142 4170 1217 4229 lister
1228 4166 1271 4227 bei

104 4253 168 4290 nem
189 4234 398 4290 Schriftstcller.
716 4240 839 4309 Tacitus,
858 4239 930 4295 doch
949 4240 1035 4295 schon
1053 4240 1101 4296 bei
1120 4241 1228 4300 Cicero.

140 4331 164 4380 6.
197 4322 337 4392 intellecti.
371 4324 456 4380 Sonat
477 4327 528 4382 hat
546 4327 661 4383 Tacitus
747 4327 799 4384 lo.
832 4334 858 4383 4.
890 4329 1064 4398 destinatum,
1083 4330 1145 4387 scil.
1162 4332 1257 4401 (aim.
