2722 4762
359 203 470 256 LIBER
487 203 522 255 Π.
560 200 637 256 CAP.
658 207 773 256 54—56.
1097 200 1160 265 129

98 387 112 430 e
135 366 195 447 ira,
219 365 295 450 quia
318 364 536 447 Theophilum
553 363 713 448 quendam
732 362 818 429 Areo
836 364 956 428 iudicio
975 364 1050 430 falsi
1073 363 1160 429 dam-

98 511 100 517 ,
123 455 273 538 precibus
298 455 364 518 suis
388 474 455 517 non
478 454 698 517 concederent.
736 453 810 516 exin
832 453 1040 537 navigatione
1063 453 1160 518 celeri
1172 470 1206 519 10

98 544 220 617 reladas
240 546 272 606 et
290 542 480 626 compendia
499 543 598 607 maris
624 542 811 625 adsequitur
825 539 1056 607 Germanicum
1075 541 1162 627 apud

98 655 126 696 m
149 631 311 715 Rhodum,
333 630 421 695 haud
444 631 588 694 nescium
613 631 729 715 quibus
752 631 1018 696 insectationibus
1041 634 1162 714 petitus

112 721 168 785 sed
191 724 284 784 tanta
302 719 550 784 mansuetudine
573 720 701 803 agebat,
723 722 769 801 ut,
792 741 865 783 cum
888 723 962 784 orta
984 722 1162 804 tempestas

98 812 118 873 et
137 811 172 873 in
190 809 331 892 abrupta
348 812 521 892 possetque
538 808 690 872 interitus
709 809 832 872 inimici
851 807 892 872 ad
911 830 1022 873 casum
1040 809 1162 892 referri,

98 901 114 962 t
136 899 278 962 triremis
309 919 445 982 quarum
466 897 609 961 subsidio
629 896 806 961 discrimini
826 898 1027 963 eximeretur.
1058 920 1162 983 neque
1173 912 1206 961 15

131 987 300 1071 mitigatus
323 985 415 1069 Piso,
443 991 477 1049 et
506 986 561 1049 uix
593 985 657 1049 diei
685 1007 810 1049 moram
841 1007 1012 1069 perpessus
1044 987 1163 1071 linquit

98 1076 219 1140 micum
250 1075 490 1158 praevenitque.
523 1078 556 1137 et
587 1077 761 1158 postquam
791 1072 918 1138 Suriam
951 1097 988 1139 ac
1019 1076 1162 1161 legiones

98 1207 108 1247 ,
132 1164 315 1249 largitione,
339 1164 472 1245 ambitu,
494 1163 623 1226 infimos
647 1163 900 1245 manipularium
919 1164 1068 1243 iuvando,
1091 1187 1165 1229 cum

98 1276 113 1316 s
138 1253 351 1335 centuriones,
375 1273 502 1316 severos
521 1252 669 1316 tribunos
689 1251 873 1315 demoveret
895 1253 1030 1337 locaque
1054 1275 1164 1318 eorum

98 1343 161 1405 bus
199 1342 266 1405 suis
296 1342 347 1404 vel
369 1340 542 1405 deterrimo
567 1340 680 1423 cuique
709 1340 914 1424 attribueret,
946 1342 1102 1406 desidiam
1129 1342 1164 1405 in
1174 1356 1208 1405 20

98 1455 116 1514 ³,
139 1430 303 1494 licentiam
326 1431 361 1493 in
380 1429 522 1512 urbibuS,
544 1449 664 1513 vagum
688 1450 725 1492 ae
743 1429 965 1494 lascivientem
987 1452 1045 1513 per
1068 1451 1164 1515 agros

98 1541 127 1582 m
147 1518 277 1603 sineret,
297 1540 333 1582 eo
353 1541 455 1602 usque
469 1517 685 1600 corruptionis
704 1521 875 1600 provectus
895 1522 952 1597 est,
967 1522 1004 1582 ut
1017 1541 1165 1584 sermone

98 1629 215 1691 parens
234 1608 398 1692 legionum
417 1607 598 1671 haberetur.
635 1627 693 1670 nec
711 1605 868 1670 Plancina
892 1629 925 1671 se
944 1608 1031 1671 intra
1050 1609 1166 1674 decora

98 1699 119 1760 [s
151 1696 297 1779 tenebat,
331 1718 365 1760 se
397 1695 550 1760 exercitio
583 1695 743 1779 equitum,
773 1694 959 1760 decursibus
983 1696 1164 1761 cohortium

98 1807 160 1866 sse,
183 1785 218 1847 in
240 1783 472 1869 Agrippinam,
505 1785 540 1847 in
564 1783 790 1848 Germanicum
818 1785 1030 1848 contumelias
1053 1785 1165 1870 iacere,
1175 1798 1209 1847 25

98 1873 185 1937 idam
204 1873 301 1937 etiam
320 1874 480 1938 bonorum
499 1873 639 1937 militum
659 1872 700 1936 ad
719 1873 803 1935 mala
822 1873 977 1956 obsequia
996 1875 1166 1958 promptis,

97 1962 187 2026 haud
206 1962 308 2026 invito
331 1963 524 2045 imperatore
544 1984 582 2025 ea
604 1962 674 2025 fieri
694 1961 837 2025 occultus
856 1983 967 2025 rumor
988 1963 1166 2027 incedebat.

98 2051 175 2114 haec
199 2049 406 2134 Germanico,
439 2051 494 2115 sed
526 2050 687 2133 praeverti
720 2049 761 2112 ad
788 2048 959 2114 Armenios
991 2051 1167 2116 instantior

98 2140 163 2204 uit.
456 2212 457 2215 Ἴ

98 2229 246 2312 imbigua
274 2249 353 2313 gens
382 2250 420 2292 ea
455 2228 633 2311 antiquitus
665 2226 835 2291 hominum
867 2227 1004 2312 ingeniis
1037 2230 1070 2291 et
1102 2225 1220 2293 situ56

98 2325 169 2399 um,
186 2317 339 2400 quoniam
362 2317 483 2381 nostris
501 2317 675 2400 provinciis
699 2317 763 2379 late
781 2320 952 2398 praetenta
974 2317 1102 2400 penitus
1127 2317 1168 2383 ad

98 2429 104 2469 ι
137 2406 336 2489 porrigitur3
368 2407 580 2490 maximisque
616 2404 762 2488 imperiis
788 2405 950 2468 interiecti
978 2410 1010 2469 et
1040 2405 1167 2489 saepius

98 2495 157 2558 *des
182 2498 269 2575 sunt,
293 2494 446 2559 adversus
465 2495 631 2559 Romanos
655 2493 728 2558 odio
754 2497 786 2556 et
804 2493 838 2557 in
855 2492 1013 2557 Parthum
1036 2494 1167 2559 invidia.

98 2608 103 2646 l
125 2583 184 2646 illa
201 2586 394 2664 tempestate
417 2605 481 2647 non
499 2583 673 2663 habebant,
699 2585 808 2646 amoto
831 2581 978 2665 Vonone,
1002 2582 1058 2647 sed
1075 2583 1169 2648 favor
1187 2596 1202 2644 5

98 2673 136 2736 iis
155 2671 337 2735 inclinabat
360 2674 394 2736 in
413 2671 585 2755 Zenonem,
603 2671 787 2736 Polemonis
806 2671 893 2755 regis
912 2669 1040 2737 Pontici
1057 2672 1168 2756 filium,

98 2880 192 2936 Areum
210 2883 346 2936 iudicium
369 2883 406 2938 ist
428 2877 479 2936 tte.
503 2881 555 2950 εἰρ.
609 2883 679 2936 verti
706 2881 838 2949 optimum
865 2885 951 2934 ratus.
986 2880 1101 2945 Quintil.
1126 2887 1168 2951 12,

99 2954 462 3022 reopagusodervielmehr
469 2954 556 3007 Areus
611 2958 636 3021 2,
655 2959 672 3006 4
693 2953 729 3006 ad
747 2953 819 3005 illud
836 2968 947 3020 sequeus
960 2957 1131 3020 praevertat.

112 3023 242 3078 letateres
260 3026 333 3079 nach
351 3026 416 3079 dem
434 3024 554 3094 griechi-
647 3029 688 3077 29.
722 3039 790 3077 curo
813 3027 851 3076 est
873 3021 926 3076 mit
949 3022 1013 3076 dem
1035 3021 1170 3092 infinitis,

98 3088 199 3161 Ἄρειος
216 3090 315 3164 πάγος.
611 3094 698 3148 echon
717 3097 732 3146 5
753 3092 812 3146 Mal
830 3091 876 3147 bei
890 3093 990 3162 Virgil,
1010 3094 1082 3147 auch
1096 3093 1168 3148 Plin.

109 3165 251 3220 insectatio
273 3167 311 3220 ist
338 3165 556 3234 naohklassisch,
611 3182 653 3234 ep.
675 3164 1009 3233 7,10eritmibicurae
1027 3167 1170 3233 explorare

98 3234 132 3288 eit
147 3235 246 3291 Livius
263 3237 471 3306 gebrtuchlich.
511 3251 513 3255 ·
609 3237 769 3304 procinctae
786 3236 959 3291 voluntatem.
978 3236 1089 3290 Ebenso
1104 3253 1167 3290 oon·

105 3307 221 3375 linquit,
244 3308 298 3362 wie
317 3314 342 3376 3,
361 3314 395 3362 46
414 3311 495 3377 quasi
512 3325 557 3361 ec·
612 3306 712 3361 struirt
735 3307 849 3360 Tacitus
872 3308 972 3374 cupido
996 3312 1035 3361 est
1059 3312 1175 3375 1414.

98 3392 103 3428 ι
130 3378 339 3447 linquebaotusr3
367 3382 424 3433 erst
446 3379 477 3432 in
504 3379 558 3432 den
611 3378 684 3432 ratio
703 3383 741 3431 est
759 3377 823 3431 hist.
843 3383 868 3443 3,
888 3383 931 3432 22.

97 3446 142 3501 ien
155 3449 214 3502 und
227 3449 364 3517 Annalem
384 3449 557 3518 heineswegs
647 3448 695 3504 56.
717 3455 740 3501 1.
754 3447 848 3502 Ueber
859 3447 1170 3503 Gross-Armenienund

98 3517 185 3586 sisch,
226 3521 346 3575 sondem
383 3521 470 3575 sehon
501 3538 556 3574 aer·
612 3518 657 3573 die
675 3519 795 3573 Parther
813 3538 833 3572 s.
853 3537 887 3572 zu
906 3537 948 3588 cp.
969 3526 993 3574 1.

106 3588 153 3644 bei
171 3589 269 3645 Cicero
288 3591 498 3646 vorkommend.
649 3596 673 3644 2.
707 3594 853 3658 praetento
876 3606 931 3643 von
960 3590 1009 3643 der
1033 3588 1170 3659 Ortslage,

98 3659 189 3715 Ueber
209 3678 238 3715 eo
256 3678 341 3730 usque
358 3661 411 3716 mit
425 3662 489 3716 dem
505 3661 558 3716 Ge·
614 3661 667 3715 wie
687 3661 753 3715 hist.
772 3667 802 3728 2,
822 3667 838 3714 6
862 3661 997 3729 quidquid
1020 3665 1172 3715 castrorum

98 3746 112 3784 i.
130 3730 206 3785 Einl.
224 3737 247 3797 ς.
268 3739 310 3786 41.
614 3733 753 3786 Armeniis
760 3732 958 3799 praetenditur.
972 3731 1008 3784 So
1016 3732 1174 3800 gebraucht

111 3803 271 3856 exercitium
297 3803 336 3857 ist
363 3802 408 3857 ein
431 3802 559 3856 militari-
613 3803 736 3870 Tacitus,
754 3802 807 3855 wie
822 3802 897 3856 scine
907 3801 1106 3872 Zeitgenossen
1116 3803 1173 3856 und

98 3871 248 3942 Terminus,
262 3874 335 3928 fehlt
348 3873 559 3928 aberbeiKlas·
614 3873 659 3927 die
687 3874 816 3941 Dichter,
849 3873 921 3927 auch
949 3874 1090 3928 obtendere
1116 3874 1174 3928 und

113 3943 171 3996 und
189 3943 295 3999 Livius.
612 3950 776 4013 praetexere.
1191 3950 1193 3952 ’

116 4013 173 4068 Der
200 4015 296 4069 Plural
328 4017 455 4088 obsequio
487 4017 560 4071 auch
651 4023 675 4070 4.
704 4016 844 4069 Romanos
862 4045 898 4054 -
918 4015 1062 4070 Parthum.
1083 4017 1174 4071 Ueber

615 4087 669 4140 den
691 4086 824 4140 Wechsel
847 4085 903 4140 des
928 4087 1066 4141 Numerus
1093 4105 1114 4141 s.
1140 4106 1176 4140 zu

105 4157 245 4237 praeverti
263 4181 297 4202 ==
316 4158 448 4225 transire,
475 4157 558 4212 omis·
616 4174 658 4225 cp.
679 4162 720 4212 60.
1128 4173 1137 4184 “

98 4223 133 4281 hs.
171 4227 235 4298 vgl.
259 4228 326 4282 Hor.
350 4233 401 4283 sat.
426 4235 456 4297 1,
476 4235 504 4295 3,
527 4234 561 4283 38
652 4237 675 4282 5.
700 4227 792 4282 Ueber
809 4228 939 4283 Vonones
958 4246 978 4282 s.
999 4248 1032 4282 au
1051 4246 1092 4297 cp.
1113 4234 1137 4281 4.

98 4304 304 4364 praevertemur.
343 4298 417 4354 Curt.
438 4306 467 4368 6,
487 4307 502 4354 6
526 4301 562 4354 ad
653 4306 677 4354 6.
696 4298 812 4353 Polemo
831 4316 890 4353 war
908 4299 1010 4354 bereits
1025 4298 1174 4368 gestorben

98 4384 211 4423 usonem
243 4370 454 4439 opprimendum
483 4387 563 4439 prce·
617 4371 675 4423 und
694 4369 771 4425 seine
785 4369 902 4425 Wittwe
920 4370 1040 4438 regierte
1059 4369 1103 4422 fur
1116 4368 1174 4422 ihn.

98 4465 242 4511 &AnnalL
946 4465 961 4511 9
