2722 4762
371 217 480 272 LIBER
497 218 531 271 ΙΙ.
569 217 646 273 ΟΑΡ.
667 223 779 273 15—18.
1101 219 1165 284 105

99 403 131 443 m
156 380 238 444 aliae
262 381 407 464 legiones
427 383 460 444 et
481 381 563 445 levis
587 383 751 444 armatura
774 403 846 445 cum
870 381 976 466 equite
996 381 1165 466 sagittario

98 491 184 554 teque
218 469 379 533 sociorum
416 469 574 534 cohortes.
604 469 749 534 intentus
773 474 968 555 paratusque
991 471 1099 554 miles,
1129 474 1167 534 ut

101 559 243 642 agminis
267 558 301 621 in
325 558 426 622 aciem
451 558 630 622 adsisteret.

98 646 176 710 ¹disis
191 644 425 711 Cheruscorum
441 647 589 732 catervis,
608 668 690 732 quae
704 669 762 731 per
775 647 929 711 ferociam
943 652 1166 732 proruperant,
1179 649 1219 714 17

100 737 216 799 ssimos
240 736 385 820 equitum
415 737 575 800 incurrere
604 736 708 819 latus,
731 733 919 800 Stertinium
949 759 1023 801 cum
1054 739 1168 804 ceteris

99 847 115 888 s
149 824 360 910 circumgredi
383 828 538 909 tergaque
565 824 716 888 invadere
739 825 843 903 iubet,
870 826 940 909 ipse
966 825 1001 889 in
1024 828 1168 909 tempore

98 935 181 977 urus.
214 915 338 976 interea
356 914 608 996 pulcherrimum
628 913 807 998 augurium,
826 917 899 978 octo
919 914 1045 998 aquilae
1059 917 1169 997 petere

125 1007 159 1067 et
182 1003 302 1065 intrare
325 1002 414 1066 visae
438 1003 666 1086 imperatorem
690 1003 863 1067 advertere.
899 1003 1058 1067 exclamat
1076 1004 1169 1082 irent,
1188 1020 1204 1068 5

97 1095 211 1155 rentur
233 1090 396 1155 Romanas
434 1113 523 1173 aves,
557 1091 690 1175 propria
711 1092 876 1176 legionum
903 1092 1045 1156 numina.
1074 1093 1169 1156 simul

98 1181 159 1244 tris
200 1181 284 1243 acies
322 1180 459 1243 infertur
493 1183 526 1243 et
560 1180 757 1263 praemissus
795 1201 891 1265 eques
922 1183 1103 1264 postremos
1134 1202 1171 1244 ac

98 1295 106 1332 r
130 1269 268 1353 impulit.
296 1269 476 1352 mirumque
503 1269 605 1351 dictu,
633 1269 696 1333 duo
719 1268 863 1333 hostium
891 1269 1023 1354 agmina
1046 1269 1172 1333 diversa

113 1358 170 1442 qui
194 1358 310 1421 silvam
328 1361 513 1441 tenuerant,
536 1357 570 1420 in
594 1361 720 1440 aperta,
745 1359 800 1440 qui
824 1359 945 1441 campis
970 1357 1172 1439 adstiterunt,

98 1469 176 1510 ¹vam
200 1445 346 1510 ruebant.
387 1447 484 1510 medii
508 1446 594 1510 inter
616 1447 676 1510 hos
696 1445 850 1511 Cherusci
869 1446 1005 1510 collibus
1025 1446 1172 1511 detrude·
1183 1463 1217 1511 10

98 1559 135 1618 rr,
169 1536 255 1598 inter
290 1556 370 1619 quos
404 1535 543 1619 insignis
578 1535 747 1599 Arminius
784 1557 881 1599 manu
921 1556 999 1600 voce
1041 1536 1171 1599 vulnere

98 1625 210 1688 ntabat
236 1644 389 1707 pugnam.
426 1625 678 1708 incubueratque
709 1624 904 1708 sagittariiS,
931 1625 987 1688 illa
1009 1627 1173 1708 rupturus,

98 1718 239 1777 aetorum
257 1712 565 1797 Vindelicorumque
589 1717 621 1777 et
641 1712 784 1777 Gallicae
808 1713 956 1777 cohortes
976 1713 1069 1797 signa
1088 1713 1173 1778 obie-

98 1807 133 1866 1t.
170 1802 245 1865 nisu
267 1805 378 1865 tamen
400 1801 544 1884 corporis
568 1806 601 1866 et
623 1802 747 1885 impetu
770 1802 844 1885 equi
866 1801 1021 1884 pervasit,
1053 1802 1173 1865 oblitus

98 1914 120 1954 n
141 1912 199 1954 suo
220 1910 341 1971 cruore,
364 1912 404 1954 ne
423 1893 618 1954 nosceretur.
655 1889 785 1974 quidam
804 1890 972 1975 adgnitum
996 1912 1015 1953 a
1035 1888 1172 1954 Chaucis
1186 1906 1219 1954 15

106 1979 229 2043 auxilia
243 1978 392 2042 Romana
407 1980 578 2063 agentibus
598 1979 814 2063 emissumque
831 1979 1041 2043 tradiderunt.
1070 1979 1174 2042 virtus

98 2069 180 2132 lraus
218 2068 329 2130 eadem
363 2068 568 2153 Inguiomero
600 2068 752 2152 effugium
790 2068 894 2132 dedit:
924 2068 1023 2131 ceteri
1054 2067 1176 2148 passim

98 2158 167 2221 lati.
204 2161 237 2220 et
259 2157 430 2240 plerosque
453 2162 584 2221 tranare
607 2156 774 2241 Visurgim
798 2159 951 2221 conantes
975 2157 1094 2220 iniecta
1111 2156 1177 2219 tela

98 2248 134 2310 ris
158 2245 310 2327 fluminis,
333 2250 497 2328 postremo
520 2246 623 2309 moles
645 2246 809 2310 ruentium
832 2249 864 2309 et
886 2245 1064 2310 incidentes
1087 2246 1176 2328 ripae

98 2357 170 2399 rere.
207 2334 338 2417 quidam
361 2335 451 2418 turpi
472 2334 551 2420 fuga
574 2336 609 2398 in
632 2357 758 2398 summa
789 2335 939 2398 arborum
969 2334 1035 2398 nisi
1063 2333 1221 2398 ramis-20

98 2447 125 2488 re
144 2423 342 2488 occultantes
363 2423 502 2487 admotis
522 2424 698 2508 sagittariis
717 2445 775 2506 per
793 2422 967 2487 ludibrium
986 2422 1177 2507 figebantur,

115 2516 266 2595 prorutae
291 2512 421 2575 arbores
446 2511 604 2579 adflixere.

98 2602 219 2684 Magna
243 2621 280 2663 ea
302 2601 438 2665 victoria
469 2623 571 2684 neque
604 2603 737 2666 cruenta
765 2600 860 2664 nobis
894 2600 964 2665 fnit.
1001 2601 1115 2685 quinta
1137 2600 1178 2664 ab
1192 2600 1232 2664 18

127 2831 257 2883 adsistere
285 2830 458 2896 „antreten“‚
491 2829 570 2883 nicht
623 2833 656 2882 58
684 2829 763 2881 calta
790 2845 851 2882 aoce
878 2829 1000 2882 lacrimis
1029 2828 1180 2881 misaicor·

98 2947 101 2954 .
125 2901 155 2954 in
183 2900 237 2954 den
264 2899 405 2953 Historien
430 2899 488 2952 und
513 2901 568 2953 An·
622 2900 698 2954 diam
717 2900 817 2953 eiicere.

99 2993 105 3031 ς
132 2971 228 3026 fru'her
254 2971 347 3040 wenig
369 2970 569 3039 gebrauohlich
659 2975 699 3023 12.
732 2976 867 3038 rapturas
886 2972 968 3036 (statt
981 2969 1179 3039 perruptaras)

98 3043 148 3096 dic.
178 3043 253 3111 legg.
280 3048 346 3107 Μ
373 3047 405 3094 at
432 3043 463 3094 ia
487 3047 570 3110 parite
622 3041 675 3093 mit
691 3040 852 3110 folgendem
870 3043 916 3107 ai,
939 3041 992 3095 wie
1011 3039 1076 3093 hist.
1101 3045 1127 3105 3,
1147 3045 1180 3092 19
1247 3090 1254 3105 ‚
1287 3069 1288 3073 κ

100 3115 251 3168 adsisteret.
286 3113 354 3167 Sall.
380 3111 440 3166 Cat.
460 3118 493 3166 59
512 3115 571 3181 ipse
623 3114 736 3179 raptari
771 3113 930 3180 imperium,
965 3113 998 3165 rii
1033 3113 1180 3165 duceretur.

98 3201 123 3239 rr
141 3186 264 3254 aquilam
283 3185 400 3238 adsistit.
623 3182 733 3237 Ebenso
756 3184 810 3236 mit
826 3185 852 3236 si
870 3201 933 3237 ann.
954 3190 985 3251 1,
1004 3189 1037 3236 36
1060 3183 1086 3235 si
1104 3182 1181 3235 omit-

127 3279 152 3328 3,
185 3273 374 3342 mmmm„
392 3290 413 3325 Β,
433 3291 466 3326 zu
486 3278 509 3340 1,
529 3278 571 3326 64.
626 3258 726 3336 teretur
743 3256 991 3337 repaiaeasaras.
1015 3250 1182 3335 DicseCon-

111 3363 250 3416 urata
279 3361 486 3430 ,asama
513 3378 572 3415 ma.
625 3322 1181 3477 gppgg,{ggeggggulffglggg

98 3436 103 3462 l
157 3434 163 3444 ⁹
374 3435 379 3445 Ι
562 3464 572 3471 .

105 3451 189 3558 etibirir
202 3434 574 3573 litiddaiimdiiiisaeoiddde
626 3466 990 3593 flzssnzgffaffiecgistfllfflef
1014 3467 1062 3520 (1⁰⁸
1085 3465 1182 3522 flllber·

98 3581 191 3701 ff'ssge
204 3574 401 3714 Sinue‘ipi
425 3575 574 3700 {glbffi
627 3679 645 3733 d
663 3615 704 3732 l13.
737 3609 829 3664 Uener
851 3608 1012 3664 dicuntia
1034 3608 1093 3662 nne
1116 3605 1183 3660 vn-

114 3719 120 3730 .
280 3687 293 3728 ¹.
349 3689 404 3714 '⁹
674 3680 939 3733 iirszu144.

98 3722 133 3772 ”l
150 3718 223 3817 ml
242 3723 338 3823 ‘mel
356 3722 381 3770 el
399 3722 494 3772 emal·
648 3697 780 3805 e15⁰.eDie
800 3724 942 3817 Charikcn
961 3749 1100 3804 zwmchen
1118 3749 1185 3802 Ems

107 3822 227 3860 humma
255 3804 485 3893 ‚deturbarent
508 3823 575 3860 vom
627 3821 684 3874 und
703 3821 782 3890 Elbo,
800 3823 894 3876 haben
912 3821 998 3877 achon
1015 3820 1056 3874 im
1069 3819 1185 3889 vorigen

98 3895 128 3932 er
151 3878 285 3946 gerenda
314 3894 376 3931 eme
398 3877 493 3931 kuhne
516 3876 574 3930 Me·
627 3893 712 3945 saure
727 3893 787 3947 ure
802 3893 885 3947 nulfo
899 3894 1043 3962 augeria,
1062 3891 1124 3945 ιιι
1140 3891 1184 3945 ue

98 3967 124 4017 rr,
145 3949 218 4002 ohne
236 3948 382 4002 ramere.
629 3962 785 4018 cremae:
798 3965 859 4018 nra
872 3965 977 4019 uernae
996 3963 1066 4017 sna
1087 3963 1186 4033 Spater

113 4038 219 4104 campis
244 4038 315 4090 statt
341 4038 373 4090 ire
399 4038 509 4105 campis.
547 4037 574 4090 S.
629 4035 736 4105 grcifeu
748 4035 786 4088 sie
801 4036 852 4090 mit
863 4034 958 4089 Civilis
974 4035 1018 4088 die
1028 4034 1132 4089 Romer
1141 4051 1185 4088 an.

108 4112 132 4173 5.
151 4113 195 4162 35.
666 4111 707 4159 17.
729 4105 819 4161 Ueber
831 4106 999 4175 Inguiomer,
1018 4105 1072 4159 den
1086 4103 1186 4159 Oheim

123 4195 210 4232 meaa
227 4194 290 4232 voce
302 4180 425 4243 caluere,
445 4178 490 4232 ein
509 4178 574 4233 stei-
629 4176 678 4230 des
698 4177 848 4246 Arminius,
867 4179 924 4248 vgl.
945 4184 968 4245 1,
989 4183 1029 4232 60.

98 4251 136 4304 les
150 4249 313 4318 Asyndetcn
326 4251 379 4303 wie
391 4256 432 4315 16,
444 4256 477 4303 29
496 4251 575 4303 calta
665 4253 706 4301 20.
727 4250 803 4302 aiter·
817 4249 1074 4316 „hinaufhlettern“
1088 4247 1118 4300 in
1128 4246 1187 4299 die·

98 4323 183 4376 cerdis
202 4322 378 4375 ardescerent.
411 4321 475 4375 hist.
495 4327 520 4387 3,
541 4327 573 4374 17
631 4336 689 4371 sem
709 4319 792 4374 Sinne
811 4320 981 4375 dichterisch
999 4320 1057 4373 und
1075 4319 1105 4371 in
1123 4322 1187 4385 spit-

98 4395 133 4447 lio
158 4409 246 4447 marra
273 4409 334 4446 aoee
356 4393 475 4461 iresipais
498 4393 575 4446 hosti.
629 4395 704 4444 terer
722 4391 817 4446 Prosa.
