2752 4784
157 228 224 292 230
474 234 647 292 connata
669 234 794 290 rncrrr
816 206 1015 291 tarnim

157 386 356 470 posteritati,
379 388 417 449 ut
439 407 502 470 quo
525 386 621 449 modo
645 386 803 469 exsequiis
827 408 846 450 a
868 386 1029 469 promisca
1051 387 1219 470 sepultura
1241 410 1333 473 sepa-

156 478 283 559 rantur,
305 475 352 538 ita
369 476 405 537 in
422 474 597 538 traditione
617 495 839 557 supremorum
857 475 1018 558 accipient
1034 475 1240 560 habeantque
1258 500 1333 561 pro-

157 563 262 647 priam
285 564 482 627 memoriam.

106 650 144 715 17
244 651 368 716 Paucos
401 653 518 735 quippe
549 652 636 715 intra
668 651 735 715 dies
768 651 879 715 eodem
907 652 1035 736 agmine
1058 650 1214 717 Annaeus
1235 652 1332 739 Mela,

156 738 289 805 Cerialis
312 741 460 822 Anicius,
482 738 615 803 Rufrius
630 738 814 823 Crispinus,
838 737 872 803 C.
885 738 1058 805 Petronius
1081 742 1230 825 cecidere,
1243 741 1332 807 Mela

156 832 188 891 et
202 827 370 913 Crispinus
390 830 512 913 equites
526 827 667 893 Romani
685 829 844 913 dignitate
864 829 1034 893 senatoria.
1070 851 1147 893 nam
1160 830 1213 895 hic
1227 853 1330 915 quon-

157 917 231 980 dam
254 917 433 1001 praefectus
456 917 609 1001 praetorii
632 920 665 981 et
687 917 909 981 consularibus
933 918 1116 1002 insignibus
1130 919 1268 983 donatus
1293 942 1331 985 ae

120 1026 257 1089 anaper
292 1007 425 1070 crimine
461 1006 694 1070 coniurationis
729 1007 765 1069 in
797 1004 979 1070 Sardiniam
1015 1010 1160 1090 exactus,
1195 1012 1330 1092 accepto

152 1094 258 1158 iussae
281 1096 395 1159 mortis
418 1095 533 1158 nuntio
558 1098 660 1158 semet
681 1094 851 1159 interfecit.
896 1093 995 1177 Mela,
1025 1095 1140 1179 quibus
1165 1094 1272 1161 Gallio
1296 1102 1330 1161 et

153 1180 274 1248 Seneca
305 1184 493 1266 parentibus
525 1187 637 1266 natus,
669 1183 825 1266 petitione
855 1182 1018 1247 honorum
1047 1184 1248 1251 abstinuerat
1270 1208 1330 1269 per

153 1272 363 1337 ambitionem
386 1275 639 1355 praeposteram,
662 1275 698 1335 ut
722 1293 817 1355 eques
836 1271 1002 1336 Romanus
1026 1274 1249 1338 consularibus
1273 1296 1331 1359 po·

150 1362 255 1425 tentia
278 1363 479 1445 aequaretur3
505 1361 600 1423 simul
619 1360 834 1444 adquirendae
856 1362 1012 1443 pecuniae
1026 1362 1153 1425 brevius
1175 1362 1240 1426 iter
1262 1385 1330 1427 cre-

99 1468 133 1515 10
152 1450 249 1513 debat
270 1471 328 1532 per
345 1449 589 1531 procurationes
609 1449 871 1512 administrandis
886 1449 1041 1532 principis
1055 1451 1205 1535 negotiis.
1240 1451 1329 1518 idem

151 1538 323 1602 Annaeum
344 1536 511 1601 Lucanum
534 1541 703 1621 genuerat,
726 1537 848 1621 grande
872 1536 1092 1603 adiumentum
1116 1539 1329 1607 claritudinis.

151 1649 214 1710 quo
237 1626 407 1691 interfecto
432 1626 597 1690 durarem
620 1625 812 1690 familiarem
836 1626 903 1689 eius
928 1627 1044 1691 acriter
1063 1628 1211 1713 requirit,
1234 1651 1328 1695 accu-

151 1719 290 1780 satorem
314 1716 454 1779 concivit
476 1714 615 1778 Fabium
633 1713 829 1797 Romanum,
853 1736 891 1777 ex
914 1715 1036 1779 intimis
1056 1716 1179 1781 Lucani
1203 1719 1328 1783 amicis.

150 1805 251 1868 mixta
273 1806 357 1869 inter
374 1806 499 1887 patrem
518 1803 683 1887 filiumque
701 1803 931 1867 coniurationis
952 1804 1087 1868 scientia
1104 1805 1249 1891 fingitur,
1272 1808 1327 1871 ad-

102 1908 135 1955 15
154 1894 313 1958 simulatis
336 1892 459 1956 Lucani
490 1892 622 1955 litteris:
655 1914 735 1975 quas
766 1892 928 1975 inspectas
951 1891 1037 1957 Nero
1070 1894 1146 1957 ferri
1179 1894 1220 1959 ad
1252 1917 1326 1961 eum

151 1983 258 2065 iussit,
282 1982 396 2065 opibus
420 1981 488 2044 eius
511 1981 650 2044 inhians.
706 1984 740 2043 at
761 1979 859 2061 Mela,
883 1985 1057 2065 quactum
1083 1984 1328 2066 promptissima

150 2072 264 2135 mortis
288 2072 353 2152 via,
384 2070 521 2134 exsolvit
550 2091 662 2151 venae,
691 2069 820 2153 scriptis
844 2070 999 2133 codicillis
1028 2072 1144 2155 quibus
1168 2073 1326 2157 grandem

150 2160 319 2244 pecaniam
347 2159 382 2221 in
404 2157 600 2242 Tigellinum
628 2178 844 2242 generumque
870 2160 939 2221 eius
970 2156 1200 2225 Cossutianum
1229 2158 1325 2245 Capi-

149 2253 260 2314 tonem
284 2248 452 2332 erogabat,
476 2269 539 2331 quo
562 2249 668 2310 cetera
690 2250 867 2310 nranerent.
904 2247 1031 2310 additur
1049 2248 1203 2314 codicillis
1228 2251 1327 2331 [tam-

96 2350 131 2399 20
151 2360 247 2421 quani
280 2336 318 2399 de
351 2335 521 2418 iniquitate
553 2335 641 2397 exitii
670 2356 805 2418 querens
828 2335 875 2397 ita
898 2336 1092 2418 scripsisset]
1126 2360 1159 2401 se
1192 2338 1325 2422 quidem

149 2427 232 2489 mori
254 2425 351 2487 nullis
376 2423 524 2506 supplicii
548 2423 667 2503 caucia,
691 2422 840 2486 Rufrium
860 2428 968 2487 autern
986 2422 1169 2508 Crispinum
1194 2430 1227 2490 et
1247 2426 1326 2493 Ani-

149 2515 235 2578 cium
267 2510 424 2576 Cerialem
456 2512 522 2575 vita
553 2511 617 2573 frui
650 2511 794 2575 infensos
826 2512 974 2595 principi.
1029 2535 1110 2597 quae
1142 2518 1327 2600 composita

149 2602 361 2667 credebantur
383 2599 421 2663 de
445 2597 607 2682 Crispino,
632 2600 707 2683 quia
729 2600 917 2665 interfectus
941 2605 1023 2683 erat,
1055 2600 1256 2688 deCeriale,
1285 2610 1325 2669 ut

149 2690 389 2754 interficeretur.
425 2710 529 2771 neque
548 2688 634 2752 enim
657 2689 759 2752 multo
777 2692 853 2772 post
875 2690 941 2753 vim
965 2690 1027 2754 sibi
1051 2692 1172 2775 attulit,
1196 2694 1325 2759 minore

186 2942 227 2989 11.
251 2936 411 3003 posteritati
439 2935 525 3003 „dem
551 2935 707 2989 Andenken
762 2936 881 2990 sondcrn
900 2934 944 2989 die
962 2934 1156 3005 pratorischen
1169 2936 1323 3007 insignies,

148 3006 195 3060 bei
220 3007 270 3060 der
292 3006 470 3074 Nachwelt“‚
497 3006 558 3060 eine
585 3007 707 3075 Brachy·
760 3006 826 3061 weil
840 3023 869 3059 er
882 3006 923 3060 im
932 3006 957 3060 J.
968 3014 1001 3061 41
1018 3007 1069 3061 auf
1075 3007 1174 3061 Bcfehl
1184 3008 1233 3063 des
1241 3009 1323 3065 Clau·

148 3077 231 3147 logie.
761 3077 1321 3136 diusdanValeriusAsiaticusarretirte.

184 3148 231 3202 17.
258 3154 281 3201 1.
327 3148 419 3202 Ueber
446 3150 548 3217 quippe
574 3148 604 3201 in
631 3148 707 3202 Ana·
799 3157 838 3203 10.
862 3166 913 3215 per
928 3151 1148 3218 procurationes,
1177 3151 1203 3205 d.
1222 3152 1252 3205 h.
1277 3152 1320 3206 als

148 3219 301 3287 strophas.
321 3226 398 3287 sua,
420 3225 451 3272 15
475 3221 585 3273 classem
607 3221 707 3287 quippe
760 3219 927 3274 Procurator
967 3219 997 3273 in
1030 3219 1220 3276 kaiserlichcn
1252 3221 1320 3277 Pro·

148 3294 173 3343 et
191 3291 257 3343 acia
277 3289 380 3342 Oceani
397 3292 528 3357 quaesita.
760 3290 866 3344 rinaen.

184 3366 209 3413 2.
235 3358 317 3429 Cajus
345 3360 423 3427 (oder
445 3360 536 3427 Titus)
559 3360 706 3415 Petronius
796 3368 838 3415 12.
858 3361 949 3415 Ueber
967 3378 1020 3429 qua
1038 3363 1179 3429 interfecto
1197 3364 1252 3419 mit
1265 3364 1318 3420 fol·
1352 3360 1355 3368 '

148 3430 187 3484 ist
214 3430 448 3485 wahrscheinlich
479 3431 617 3495 derselbe‚
650 3448 706 3485 ron
759 3433 879 3502 gendem
898 3431 1018 3486 Genetiv
1040 3434 1099 3487 eius
1121 3451 1142 3487 s.
1161 3452 1196 3489 aa
1218 3452 1263 3505 ep.
1283 3442 1319 3490 11

147 3502 284 3557 walchem
297 3503 379 3556 untcr
393 3502 458 3555 dem
472 3501 547 3555 Titel
557 3502 705 3569 Satyrione
760 3522 807 3558 am
826 3503 912 3557 Endc.

148 3575 233 3641 (statt
268 3578 365 3627 satura
399 3574 564 3642 Merrippea)
601 3573 705 3626 Bruch-
797 3580 837 3628 14.
857 3575 1024 3628 adsimulare
1042 3574 1072 3628 in
1090 3574 1139 3629 der
1153 3574 1283 3631 Bedeutu

147 3644 244 3698 attiche
263 3644 338 3698 eines
357 3662 406 3698 aus
424 3644 510 3699 Prosa
527 3644 585 3697 und
598 3644 705 3697 Versen
759 3646 907 3714 „flagitem
926 3646 1074 3699 falschen“
1093 3646 1131 3701 ist
1149 3645 1301 3701 dichterisc

148 3715 337 3770 bestchenden
377 3716 499 3770 Romans
542 3715 705 3769 rorhandcn
758 3717 816 3769 und
834 3716 1055 3785 nachlrlassisch‚
1074 3716 1198 3771 beiTac.
1213 3720 1271 3773 erst
1287 3718 1319 3773 in

149 3786 219 3838 sind.
762 3788 817 3841 don
835 3788 975 3841 Annales:
996 3794 1021 3857 4,
1041 3794 1065 3842 8.
1085 3794 1128 3841 59.
1148 3796 1173 3855 6,
1193 3794 1237 3843 25.

182 3862 208 3909 3.
222 3858 357 3926 dipsitate
370 3860 523 3923 certatoria,
537 3858 595 3911 also
610 3874 705 3911 waren
799 3865 839 3913 16.
859 3860 981 3924 irrhiare,
995 3859 1025 3912 in
1038 3858 1145 3913 diesem
1158 3859 1322 3929 tropischen

145 3925 185 3980 sie
204 3929 304 3994 equites
321 3930 467 3994 inlustres,
494 3928 547 3983 mit
570 3928 704 3983 senatori·
761 3928 845 3983 Sinna
864 3929 1050 3998 unklassisch,
1075 3930 1143 3984 aber
1168 3932 1256 3986 schoa
1273 3931 1321 3985 bei

146 3997 241 4050 schem
262 3997 372 4051 Census
759 4000 890 4066 Plautus,
910 4001 985 4055 steht
1004 4001 1077 4055 auch
1097 4007 1143 4069 11,
1164 4009 1188 4056 1.
1210 4008 1258 4066 12.
1277 4008 1321 4058 59.

182 4074 207 4121 4.
242 4070 396 4135 praefectus
429 4072 582 4138 praetorii,
623 4073 705 4124 unter
797 4078 838 4125 18.
867 4071 1045 4126 Cossutianus
1070 4072 1150 4126 hatte
1175 4072 1216 4127 im
1239 4072 1266 4127 J.
1285 4080 1322 4128 62

148 4138 292 4205 Claudius,
312 4140 378 4192 abor
396 4140 435 4192 im
455 4142 479 4194 J.
500 4147 530 4195 51
553 4142 704 4210 abgesetzt‚
759 4142 813 4195 den
827 4142 927 4195 Prator
940 4142 1080 4197 Antistius
1095 4142 1146 4198 der
1158 4142 1322 4213 najestate-

147 4210 257 4265 worauf
281 4210 383 4263 liurrus
411 4212 470 4265 scin
497 4212 565 4265 Amt
595 4212 704 4267 crhielt.
758 4213 941 4283 belcidigung
964 4214 1127 4283 aageklagt.
1164 4212 1192 4267 S.
1214 4220 1256 4281 14,
1275 4221 1320 4271 48.

147 4280 174 4334 S.
196 4289 242 4347 12,
262 4288 305 4335 42.
326 4314 357 4323 -
387 4281 467 4335 Nach
492 4289 573 4343 11,4
604 4283 705 4337 erhielt
795 4284 1321 4353 19.tamprurnett.istwohleinGlos-

148 4351 289 4421 Crispinus
308 4352 386 4406 nicht
406 4352 451 4406 die
471 4354 702 4421 consularischen‚
758 4371 824 4409 sein.
