2722 4762
356 200 465 253 urana
482 199 529 254 IV.
567 199 759 255 caue-11.
1078 198 1145 263 205

121 363 259 426 maxime
283 362 418 426 inlustre
440 362 515 445 fuit,
543 384 615 427 cum
644 363 736 447 origo
758 360 860 426 Iuliae
889 362 995 446 gentis
1017 361 1146 425 Aeneas

98 473 154 536 pue
181 451 385 515 Albanorum
408 471 501 535 reges
529 454 562 514 et
585 451 732 515 conditor
759 451 848 514 urbis
871 449 1041 533 Romulus,
1072 453 1148 532 post

98 586 100 602 .
119 539 283 624 nobilitas,
306 540 407 604 Attus
427 537 563 603 Clausus
587 544 771 623 ceteraeque
789 537 1000 604 Claudiorum
1024 538 1146 623 effigies
1159 556 1191 605 10

102 628 213 693 ordine
236 631 465 711 spectaremur.

98 741 107 781 ι
130 717 285 781 tradenda
308 721 412 781 morte
435 715 534 781 Drusi
562 738 644 800 quae
671 716 818 800 plurimis
846 715 1047 800 maximeque
1074 716 1147 781 fidis
1160 720 1201 783 10

97 806 170 876 ibus
201 810 381 871 memorata
409 809 485 870 sunt
513 805 619 869 retuli.
665 806 720 869 sed
751 827 817 869 non
845 805 1007 869 omiserim
1034 826 1148 869 corun·
1214 834 1217 844 ⁴

98 916 258 978 emporum
281 916 458 974 rumorem,
477 894 617 958 validum
641 895 721 958 adeo
744 898 782 957 ut
807 893 952 958 nondum
980 863 1162 958 exolescatd

97 987 133 1046 ta
170 984 210 1047 ad
247 984 351 1048 scelus
383 983 475 1047 Livia
508 980 661 1047 Seianum
692 983 797 1067 Lygdi
834 1004 960 1067 quoque
996 982 1148 1067 spadonis

98 1095 123 1135 n
160 1077 272 1155 stupro
302 1072 456 1155 vinxisse,
488 1072 573 1155 quod
604 1073 632 1135 is
666 1075 770 1135 aetate
803 1075 900 1155 atque
926 1071 1032 1136 forma
1054 1089 1183 1138 carust

98 1183 112 1224 s
131 1160 277 1243 interque
296 1161 452 1242 primores
471 1161 638 1224 ministros
656 1165 739 1243 erat3
764 1161 877 1224 deinde
899 1160 984 1224 inter
1002 1160 1148 1224 conscios

98 1271 150 1313 cus
174 1249 317 1313 veneficii
339 1253 530 1333 tempusque
549 1249 717 1333 conposita
739 1251 819 1332 sint,
842 1271 879 1312 eo
903 1248 1055 1312 audaciae
1077 1269 1149 1332 pro·

98 1360 107 1401 ι
126 1342 163 1401 ut
185 1341 324 1402 verteret
342 1344 375 1401 et
393 1339 517 1402 occulto
540 1337 658 1402 indicio
677 1337 820 1402 Drusum
838 1338 955 1402 veneni
972 1338 1007 1401 in
1025 1340 1150 1421 patrem

98 1448 119 1490 rs
143 1431 290 1490 moneret
312 1425 484 1509 Tiberium,
506 1426 670 1509 vitandam
692 1426 867 1510 potionem,
890 1448 971 1512 quae
993 1425 1098 1509 prima
1121 1425 1150 1489 ei

98 1516 187 1579 ilium
206 1515 351 1598 epulanti
370 1515 545 1580 offerretur.
582 1537 620 1579 ea
641 1515 753 1579 fraude
772 1520 903 1598 captum
922 1536 1039 1596 senem,
1062 1517 1151 1597 post·
1162 1533 1195 1581 10

106 1604 288 1667 convivium
310 1604 443 1687 inierat,
471 1607 638 1687 exceptum
660 1604 811 1686 poculum
834 1603 942 1667 Druso
965 1604 1151 1688 tradidisse,

102 1693 159 1756 illo
182 1694 297 1776 ignaro
323 1696 355 1756 et
376 1693 562 1756 iuveniliter
584 1692 755 1758 hauriente
774 1695 903 1757 auctam
926 1693 1151 1777 suspicionem,

98 1803 149 1844 am
178 1786 267 1845 metu
297 1788 330 1845 et
365 1782 487 1864 pudore
525 1781 654 1845 sibimet
689 1781 855 1866 inrogaret
886 1785 1023 1845 mortem
1055 1802 1151 1864 quam

98 1874 259 1933 struxerat.

98 1957 161 2022 [aec
193 1959 292 2042 vulgo
314 1959 449 2042 iactata,
473 1980 568 2042 super
596 1958 629 2022 id
662 1958 747 2043 quod
778 1957 867 2023 nullo
900 1963 1031 2022 auctore
1063 1961 1150 2023 certo
1164 1958 1202 2021 ll

98 2052 165 2130 tur,
187 2052 337 2131 prompte
360 2047 558 2111 refutaveris.
596 2048 667 2131 quis
691 2047 778 2110 enim
800 2046 953 2111 mediocri
971 2046 1152 2130 prudentia,

98 2135 273 2199 ‚Tiberius
296 2137 397 2199 tantis
420 2136 515 2199 rebus
548 2137 721 2219 exercitus,
745 2136 889 2199 inaudito
921 2135 987 2199 filio
1020 2135 1152 2199 exitium

99 2229 125 2306 t,
158 2224 253 2308 idque
278 2247 336 2288 sua
358 2246 456 2288 manu
485 2229 517 2288 et
544 2225 633 2290 nullo
662 2224 701 2289 ad
724 2224 951 2309 paenitendum
979 2223 1151 2308 regressu?

98 2313 189 2378 »otius
208 2313 392 2376 ministrum
410 2313 525 2376 veneni
549 2315 757 2396 excruciaret,
783 2316 947 2399 auctorem
966 2313 1153 2397 exquireret,
1171 2327 1187 2375 5

104 2401 240 2484 denique
264 2402 361 2465 etiam
389 2403 424 2465 in
451 2406 621 2466 extraneos
646 2402 850 2467 cunctatione
878 2406 911 2466 et
929 2424 1021 2466 mora
1044 2402 1152 2465 adver-

98 2612 138 2662 ug.
158 2600 191 2647 41
212 2611 243 2649 ea
261 2611 331 2662 qaae
348 2596 481 2650 secundae
498 2612 541 2649 res
596 2596 694 2649 drehte
714 2595 760 2650 die
774 2595 864 2650 Sache
883 2614 939 2660 um,
959 2594 1014 2663 gab
1027 2594 1072 2647 ihr
1091 2593 1153 2647 eine

117 2665 243 2719 Herod.
263 2672 288 2733 2,
307 2672 332 2732 3,
352 2671 367 2719 9
387 2682 440 2734 quo
455 2667 543 2734 pinus
597 2669 859 2736 entgegengesetzte
872 2666 1047 2735 Wendung“.
1060 2696 1092 2704 -
1110 2680 1152 2718 oc·

119 2736 233 2804 albaque
268 2737 388 2804 popalus
418 2738 543 2792 ambrum
596 2739 668 2791 catto
700 2737 894 2806 „versteckt“,
932 2737 991 2791 also
1023 2754 1075 2790 nur
1106 2752 1153 2789 an-

98 2808 146 2860 lem
160 2808 314 2861 consociare
332 2813 435 2862 amant.
454 2815 480 2874 3,
501 2815 542 2873 16,
597 2808 727 2862 deutend.

98 2895 147 2930 am
166 2895 219 2946 per
236 2879 336 2932 medios
353 2880 395 2933 a'rc
416 2880 544 2933 satellites
633 2897 680 2948 11,
706 2902 729 2949 1¹
748 2912 831 2964 ,ww
848 2897 879 2950 id
898 2897 970 2964 quod
989 2896 1059 2950 ,tata
1075 2911 1153 2963 prae.

98 2954 128 3030 Ψ,
366 3019 372 3030 ,
527 3024 533 3048 ί
597 2973 719 3035 torquem
747 2967 819 3035 quod
850 2967 888 3020 ist
919 2961 967 3022 ἆπ.
997 2963 1046 3034 elo.
1081 2965 1154 3019 nach

98 3036 161 3088 Ἥ90
188 3022 300 3109 ,00ῐῖοΥθῄ
327 3019 390 3086 „dle
417 3021 543 3103 ΑῙΙΠθῐΫ,
597 3037 735 3106 Analogie
766 3053 822 3090 von
852 3053 935 3106 super
970 3053 1052 3105 quom
1083 3037 1155 3104 qaod

98 3096 169 3143 Μ
184 3090 459 3172 rosaemannus
468 3108 544 3174 orsae
597 3108 659 3163 Liv.
682 3114 730 3177 aa,
755 3115 780 3165 s.
800 3114 849 3173 ar,
872 3115 914 3163 ao.
943 3109 1056 3176 raupa
1074 3124 1155 3176 qoam

107 3162 315 3242 amatoresque.
354 3162 389 3216 50
420 3180 473 3215 nur
498 3163 545 3217 ba
598 3186 641 3247 23,
662 3185 685 3233 r.
716 3181 753 3233 aa
770 3180 802 3233 ie
820 3179 892 3247 qood
910 3185 935 3246 a,
956 3185 983 3247 r,
1003 3178 1056 3233 wie
1073 3179 1155 3232 eber-

98 3250 133 3298 ²¹²
156 3248 210 3285 me
233 3231 310 3300 Vug.
334 3234 402 3287 Aen·
428 3239 544 3316 mam?
598 3252 688 3319 haupt
705 3249 787 3304 beidc
802 3249 1003 3305 Schriftsteller
1020 3248 1155 3304 auweilen

98 3308 148 3356 ¹5⁰⁷
157 3305 272 3372 Amat
286 3302 432 3358 'ROMW
450 3310 545 3373 ⁸²1th
598 3338 681 3390 saper
699 3323 771 3376 statt
783 3327 894 3390 praeter
911 3321 1098 3391 gebrauehem

104 3444 185 3498 Nach
211 3444 263 3498 Liv
295 3452 311 3498 a
345 3451 377 3498 16
404 3445 545 3498 wancarae
635 3416 659 3490 3·
697 3411 842 3464 emacitas
870 3411 944 3492 stata
964 3427 1021 3464 aaa
1043 3411 1156 3465 auditus

107 3487 545 3584 (oderauds)'clausus1m1.
601 3481 697 3548 ”mhi
719 3481 883 3549 angflhm‘i
909 3498 962 3535 W
985 3487 1014 3548 2,
1040 3486 1081 3535 77·
1119 3479 1155 3534 30

97 3604 117 3638 n
134 3586 260 3654 Reginus
284 3587 323 3640 im
347 3586 546 3641 Sabinerlande
601 3555 658 3605 erst
675 3551 714 3605 im
733 3552 873 3606 silbernen
892 3551 1000 3605 Latein.

98 3656 165 3711 Lelen
197 3655 325 3712 Clienten
362 3659 433 3711 nach
465 3657 546 3723 Rom,
635 3646 660 3695 4.
688 3657 820 3710 repressa,
838 3639 976 3694 Aehnlich
990 3638 1050 3693 Liv.
1065 3645 1107 3706 24,
1121 3644 1155 3693 26
1211 3680 1214 3686 .

98 3730 164 3781 ,nter
178 3727 223 3781 die
236 3728 372 3782 Patricier
385 3729 546 3798 ausgenom-
599 3728 684 3779 mque
707 3713 781 3794 19⁰4ss
799 3711 962 3793 paenitendi
985 3715 1034 3763 aut
1055 3726 1157 3779 reorte-

98 3798 132 3852 nd
149 3799 235 3852 nahm
249 3800 304 3853 (1011
317 3800 427 3858 Namen
440 3799 546 3868 Appius
562 3800 565 3809 ·
599 3799 646 3840 sas
665 3784 698 3836 ab
717 3800 763 3836 ara
780 3783 892 3836 relectus
905 3786 977 3836 esset.
1001 3787 1045 3848 42,
1065 3787 1097 3834 13
1116 3797 1157 3835 rc-

98 3888 126 3923 us
144 3886 187 3923 an.
602 3859 707 3921 ceptam
739 3854 776 3907 ad
805 3852 1003 3921 poenitendam
1027 3868 1084 3906 eoa
1110 3853 1157 3907 ta-

109 3945 135 3994 s.
162 3942 283 3994 anasse
302 3942 548 4008 saracenicae,
603 3926 701 3978 hereat·
1035 3995 1072 4007 ..

98 4018 129 4079 6,
154 4017 188 4064 45
218 4018 350 4080 pactoque
380 4013 550 4067 matrimonii
638 4001 663 4050 5.
689 3996 745 4049 Der
767 3993 922 4063 Gegensatz
945 4013 980 4047 zu
1001 4000 1159 4049 meuastruan

98 4085 202 4148 ,sonst
219 4081 358 4152 nitgends.
603 4069 690 4147 zergt,
715 4066 779 4119 dass
803 4069 885 4119 unter
910 4070 1006 4120 audes·
1031 4066 1080 4120 der
1102 4067 1159 4120 An-

98 4169 118 4207 co
147 4155 280 4208 audaciae
308 4159 355 4208 cta,
383 4155 436 4209 wie
465 4161 489 4220 2,
515 4161 549 4209 55
604 4138 696 4192 strfter
727 4137 776 4190 des
809 4135 1000 4191 Verbreehens
1032 4156 1066 4191 zu
1097 4154 1157 4191 ver-

98 4241 125 4277 re
143 4227 328 4293 corruptionis
343 4231 485 4294 provectas
503 4232 548 4280 est.
604 4209 701 4262 Siehffl
719 4208 763 4261 iSt·

98 4295 113 4350 Ι.
133 4300 155 4359 §-
174 4301 217 4350 41.
640 4303 663 4352 6.
696 4302 854 4362 extraneae,
879 4314 934 4351 von
957 4296 1014 4352 Cio.
1037 4315 1089 4350 nur
1110 4294 1162 4349 auf

98 4371 214 4434 rcrtcrct,
247 4367 369 4422 namlich
401 4386 469 4423 rem:
502 4385 550 4438 „er
605 4367 714 4422 Sachen
728 4367 862 4437 bezogen,
875 4365 1158 4422 bezeichnetimsilb.

1179 845 1298 894 ιθ.
