2722 4762
385 165 495 223 LIBER
513 169 533 223 I.
571 168 649 223 011³.
670 174 782 224 18-21.
1127 169 1171 235 55

98 331 158 414 uii,
182 334 297 395 contra
323 330 373 394 fas
403 331 589 414 disciplinae
616 332 682 395 'vim
706 333 923 396 meditentur?
965 334 1171 398 decernerent

98 442 123 483 ts
158 441 253 504 seque
285 437 394 484 coram
427 420 580 483 mandata
607 421 730 485 darent.
767 421 986 486 adclamavere
1018 425 1055 486 ut
1082 422 1217 487 filius1o

98 509 107 572 i
135 509 285 573 tribunus
315 508 478 593 legatione
507 531 545 573 ea
576 509 764 592 fungeretur
795 513 981 594 peteretque
1012 510 1170 575 militibus

98 619 187 661 >nem
215 598 255 661 ab
287 597 425 661 sedecim
459 598 565 680 annis3
597 601 702 661 cetera
732 598 954 682 mandaturos,
986 599 1042 663 ubi
1065 599 1171 684 prima

98 687 231 751 nissent.
268 686 414 769 profecto
448 687 562 750 iuvene
590 685 753 750 modicum
781 688 896 771 otium3
925 688 981 752 sed
1005 689 1170 771 superbire

119 775 204 859 quod
222 775 307 838 fflius
325 775 425 859 legati
444 777 553 840 orator
571 775 720 858 publicae
748 796 862 840 causae
886 777 967 840 satis
985 777 1169 841 ostenderet

98 865 188 929 ritate
212 885 364 947 expressa
387 885 469 949 quae
492 885 551 947 per
573 863 766 928 modestiam
789 886 857 929 non
880 865 1106 932 obtinuissent.
1180 882 1212 929 15

98 953 216 1017 [nterea
252 953 410 1036 manipuli
448 957 522 1017 ante
556 955 703 1036 coeptam
740 953 930 1017 seditionem
959 951 1167 1036 Nauportum
1177 954 1221 1018 20

112 1042 154 1106 ob
178 1042 297 1106 itinera
320 1047 352 1105 et
374 1045 491 1125 pontes
520 1044 552 1105 et
580 1042 660 1106 alios
684 1063 775 1125 usus,
803 1045 977 1126 postquam
999 1043 1167 1107 turbatum

98 1131 182 1194 ,stris
220 1151 385 1213 accepere,
417 1130 536 1194 vexilla
566 1131 750 1195 convellunt
782 1130 979 1215 direptisque
1010 1132 1167 1214 proximis

98 1221 233 1303 ipsoque
255 1217 436 1303 Nauporto,
459 1219 544 1302 quod
568 1219 735 1302 municipii
762 1219 866 1283 instar
893 1223 976 1303 erat,
998 1220 1167 1284 retinentis

98 1309 200 1373 rienes
219 1307 321 1372 inrisu
340 1312 372 1372 et
390 1308 604 1391 contumeliis,
621 1311 784 1390 postremo
803 1308 990 1372 verberibus
1008 1309 1167 1373 insectan·
1187 1326 1203 1372 5

100 1397 253 1480 raecipua-
275 1397 309 1460 in
333 1396 540 1460 Aufidienum
557 1394 679 1459 Rufum
697 1397 894 1480 praefectum
912 1400 1091 1462 castrorum
1110 1398 1168 1479 ira,

114 1486 283 1568 dereptum
305 1485 452 1550 vehiculo
482 1485 617 1549 sarcinis
645 1488 783 1569 gravant
811 1489 975 1570 aguntque
1002 1487 1109 1570 primo
1132 1487 1167 1549 in

98 1596 135 1657 ie,
158 1596 216 1657 per
234 1574 409 1639 ludibrium
432 1575 610 1659 rogitantes
635 1595 678 1637 an
700 1578 768 1638 tam
787 1574 945 1639 immensa
967 1597 1075 1659 onera,
1098 1579 1166 1639 tam

126 1664 246 1727 itinera
272 1663 411 1727 libenter
439 1663 548 1727 ferret.
586 1662 705 1746 quippe
732 1661 835 1727 Rufus
865 1663 921 1727 (liu
944 1664 1167 1748 manipularis,

98 1753 239 1836 enturio,
257 1774 332 1816 mox
352 1752 469 1815 castris
488 1751 680 1835 praefectus
700 1752 865 1835 antiquam
884 1752 1060 1836 duramque
1080 1753 1210 1817 mili-10

98 1841 285 1922 revocabat,
313 1842 407 1905 vetus
431 1841 538 1924 operis
567 1862 603 1904 ac
629 1840 751 1905 laboris
779 1845 812 1904 et
840 1862 877 1904 eo
907 1841 1066 1925 inmitior,
1089 1842 1165 1925 quia

97 1933 198 1994 verat.
550 1992 554 1997 .
791 1942 793 1947 '

98 2018 208 2083 lorum
232 2018 372 2083 adventu
395 2017 634 2102 redintegratur
657 2017 782 2101 seditio,
806 2019 839 2081 et
861 2017 936 2101 vagi
959 2017 1214 2082 circumiectaPI

98 2108 242 2172 abantur,
288 2105 424 2171 Blaesus
452 2128 586 2190 paucos,
618 2107 758 2170 maxime
790 2105 911 2189 praeda
943 2110 1090 2190 onustos,
1125 2107 1166 2170 ad

98 2218 146 2260 em
166 2199 346 2260 ceterorum
365 2195 458 2260 adfici
476 2196 671 2279 verberibus,
694 2195 799 2260 claudi
818 2215 943 2259 carcere
967 2195 1069 2259 iubet:
1088 2217 1165 2259 nam

111 2289 183 2348 tum
206 2285 314 2369 legato
339 2307 359 2348 a
382 2284 624 2349 centurionibus
653 2288 686 2348 et
717 2283 840 2366 optimo
869 2305 995 2367 quoque
1018 2284 1165 2368 manipu-

98 2396 107 2436 1
131 2374 314 2456 parebatur.
350 2373 400 2436 illi
423 2373 526 2437 obniti
548 2373 762 2456 trahentibus,
785 2393 936 2455 prensare
956 2372 1199 2437 circumstans

97 2483 211 2546 genua,
235 2463 318 2526 ciere
341 2462 438 2526 modo
461 2462 595 2526 nomina
618 2461 837 2546 singulorum,
866 2460 962 2524 modo
987 2462 1164 2525 centuriam

98 2573 128 2615 re
166 2552 257 2615 cuius
287 2551 500 2633 manipularis
534 2554 615 2633 erat,
643 2551 821 2633 cohortem,
849 2550 1023 2634 legionem,
1052 2550 1165 2614 eadem

98 2662 141 2703 »us
168 2640 326 2703 inminere
356 2640 569 2704 clamitantes.
611 2639 707 2703 simul
734 2639 854 2721 probra
877 2639 913 2702 in
940 2638 1084 2723 legatum
1113 2661 1164 2703 cu·

98 2732 125 2812 t,
149 2728 273 2792 caelum
298 2751 334 2791 ac
358 2729 435 2793 deos
460 2728 678 2811 obtestantur,
706 2727 788 2790 nihil
810 2726 925 2810 reliqui
949 2726 1074 2791 faciunt
1101 2749 1164 2812 quo

128 2817 285 2882 invidiam
317 2817 571 2881 misericordiam
608 2821 730 2880 metum
764 2818 796 2879 et
830 2816 904 2880 iras*
932 2819 1164 2897 permoverent.
1176 2833 1208 2880 lo

105 3063 162 3117 Der
190 3062 309 3132 jtingere
341 3063 456 3117 Blaesus
485 3061 551 3115 fallt
603 3060 746 3115 Dichtern.
771 3060 893 3115 vehiculo
910 3060 986 3115 kann
1000 3059 1084 3115 Datis
1103 3061 1162 3114 und

103 3133 133 3187 in
147 3133 285 3202 Ungnade
304 3133 361 3186 und
379 3135 473 3188 ttdtet
491 3133 549 3188 sich
603 3131 805 3188 Ablativsein.

98 3211 135 3259 3⁶·
168 3205 233 3274 Vssl·
254 3212 278 3272 6,
297 3211 341 3294 4οῂ
641 3227 682 3275 11.
714 3224 790 3275 cetus
822 3220 986 3289 „erfahren“
1018 3219 1072 3274 mit
1099 3220 1163 3275 dem

98 3294 132 3347 ab
151 3295 272 3348 sedecion.
300 3292 352 3347 Die
370 3294 484 3362 Pr'apos.
502 3293 549 3346 be·
605 3291 724 3346 Genetiv
755 3293 805 3346 hat
837 3292 902 3348 Tac.
940 3291 1019 3346 bfter.
1066 3291 1162 3361 Lange

98 3366 120 3418 it
134 3364 189 3419 den
204 3365 326 3434 Termin,
344 3381 400 3418 von
414 3365 550 3418 walchem
604 3362 856 3432 Kriegserfahrung
874 3380 934 3417 war
950 3363 995 3416 ftr
1014 3361 1094 3417 einen
1109 3363 1163 3417 La·

98 3436 198 3490 echnet
214 3436 326 3490 werden
345 3436 407 3490 soll.
604 3432 799 3502 gerprtl'ecten
817 3433 1009 3490 unerlssslioh.

98 3526 282 3593 proeeaieeeot
296 3550 330 3570 =
344 3540 476 3593 prospere
491 3541 550 3578 suc·
602 3561 605 3565 -
639 3522 688 3579 21.
714 3530 739 3578 6.
764 3523 831 3577 ciere
849 3521 879 3576 in
892 3521 983 3576 dieser
997 3522 1163 3592 Bedeutung

98 3597 145 3650 ant.
184 3596 221 3650 So
240 3596 312 3651 bfter
329 3595 376 3650 bei
394 3595 459 3651 Tac.
604 3594 676 3649 noch
708 3592 788 3647 nieht
814 3593 844 3647 in
871 3591 1039 3647 klassischer
1066 3592 1161 3660 Prusa,

98 3691 119 3738 ι,
137 3685 331 3753 Nawpmum,
349 3684 551 3738 Handepffiqadp
603 3665 676 3719 doch
694 3665 779 3720 sehon
797 3663 844 3719 bei
861 3663 965 3718 Livius.

98 3755 249 3825 affenplatz
262 3755 293 3809 in
308 3755 549 3825 Oberpannonien,
639 3760 664 3808 8.
697 3754 837 3808 cumulare
859 3754 891 3808 ia
913 3752 1031 3822 aliquem
1053 3753 1091 3808 ist
1110 3755 1163 3808 Ta-

98 3827 115 3880 h
134 3844 191 3881 von
210 3827 344 3882 Laibach.
603 3824 726 3881 citeisch.

98 3931 153 3970 aas
180 3914 378 3984 „Bedtirfniss“
404 3916 476 3969 auch
502 3914 555 3970 bei'
639 3902 664 3952 9·
697 3911 749 3965 11⁴⁰
768 3896 860 3950 mmm
879 3896 949 3978 stall
966 3895 1043 3979 quta,
1062 3895 1115 3980 wit?
1136 3902 1160 3964 52

98 4003 158 4041 em,
602 3972 627 4020 5.
648 3973 694 4034 13,
717 3973 749 4020 14
773 3983 858 4036 aeque
881 3981 1022 4036 praecepta
1044 3968 1161 4022 armabas

98 4057 232 4125 mapsa
249 4058 356 4122 imm,-
375 4057 434 4112 2150
453 4057 548 4110 wohn.
601 4039 737 4093 abstinere
761 4053 814 4107 quo
838 4039 931 4096 miuus
952 4041 1097 4093 testaretur
1115 4043 1160 4094 ett,

98 4132 123 4184 rt
141 4128 280 4183 &mische
298 4129 412 4197 ssfirger·
445 4128 499 4182 Um
518 4144 547 4182 s0
603 4116 645 4178 14,
665 4116 698 4163 39
717 4125 766 4164 uec
783 4110 873 4176 defuit
891 4126 943 4179 quo
962 4110 1054 4163 miuus
1068 4141 1101 4149 -
1116 4111 1160 4164 ta-

98 4200 197 4270 ndiger
225 4199 364 4255 erscheint
392 4199 436 4253 die
464 4199 547 4252 Pltin-
602 4183 710 4236 cederet·

98 4311 103 4323 ·
639 4275 680 4324 10.
707 4285 862 4339 permovere
888 4268 940 4322 mit
958 4268 1022 4324 dem
1040 4270 1160 4322 Accusa-

98 4343 216 4412 briperc,
240 4341 335 4395 frtiher
357 4341 414 4396 fast
432 4359 484 4395 nur
502 4341 548 4396 bei
601 4341 643 4395 tiv
669 4342 716 4395 des
743 4341 797 4394 den
821 4340 911 4394 Affect
936 4339 1160 4394 bezeichnenden
