2722 4762
386 173 495 228 urana
514 173 560 227 rv.
598 173 675 228 one.
694 178 808 229 n-ac.
970 139 981 153 ’
1120 172 1187 236 215

98 364 99 406 ς
131 339 165 400 et
191 336 413 419 praedatorias
445 357 561 400 manus
594 336 709 400 delecti
736 334 923 401 Maurorum
954 335 1084 400 duxere:
1116 335 1186 419 ipse

98 425 181 488 ultor
203 424 314 488 aderat
336 424 496 488 omnibus.

99 511 170 577 Neo
193 513 295 577 multo
318 515 395 596 post
413 511 556 576 adfertur
578 510 735 577 Numidas
759 512 844 596 apud
868 513 1035 577 castellum
1055 512 1239 577 semim-25

121 601 163 664 ab
195 601 275 684 ipsis
308 601 469 683 quondam
500 601 675 685 incensum,
699 600 751 664 cui
772 621 890 664 nomen
914 599 1037 685 Auzea,
1067 600 1184 684 positis

98 690 197 753 tlibus
220 690 414 773 consedisse,
436 690 513 753 fisos
545 690 630 772 loco,
663 690 739 773 quia
768 689 870 753 vastis
899 689 1019 754 circum
1048 689 1185 753 saltibus

98 777 231 841 [ebatur.
268 780 336 841 tum
361 778 527 860 expeditae
550 778 699 842 cohortes
723 779 864 862 alaeque,
888 800 986 862 quam
1008 778 1043 842 in
1059 780 1185 861 partem

98 870 203 930 :entur
224 866 370 951 ignarae,
402 867 466 930 oito
498 867 628 950 agmine
657 867 833 949 rapiuntur.
865 867 1023 950 simulque
1053 868 1220 949 coeptus5

104 958 139 1018 et
162 958 319 1019 concentu
346 955 498 1018 tubarum
528 976 564 1018 ac
591 955 674 1018 truci
698 955 837 1019 clamore
861 955 995 1018 aderant
1019 955 1184 1018 semisom-

100 1044 137 1106 in
169 1043 325 1107 barbaros
332 1093 340 1125 ,
368 1043 562 1126 praepeditis
586 1041 800 1107 Numidarum
833 1043 925 1128 equis
957 1045 1015 1107 aut
1040 1042 1184 1107 diversos

98 1154 124 1196 rs
153 1131 403 1215 pererrantibus.
439 1132 480 1195 ab
503 1130 659 1195 Romanis
688 1131 849 1196 confertus
872 1131 983 1215 pedes,
1010 1131 1184 1213 dispositae

99 1242 151 1303 ae,
179 1223 295 1285 cuncta
322 1220 445 1302 proelio
473 1221 617 1304 provisa:
645 1220 795 1284 hostibus
823 1223 936 1284 contra
959 1219 1103 1284 omnium
1129 1241 1183 1284 ne-

110 1330 180 1372 non
203 1331 305 1391 arma,
327 1330 394 1372 non
417 1308 507 1392 ordo,
529 1331 595 1372 non
619 1309 802 1386 consilium,
826 1308 882 1373 sed
903 1321 1055 1392 pecorum
1086 1307 1182 1372 modo
1195 1323 1228 1372 10

97 1448 106 1480 ,
130 1397 243 1479 occidi,
266 1397 346 1479 capi.
382 1397 526 1460 infensus
549 1397 642 1462 miles
667 1398 823 1461 memoria
845 1397 994 1462 laborum
1017 1400 1049 1460 et
1073 1396 1182 1461 adrer-

103 1485 263 1549 eludentis
295 1488 425 1567 optatae
448 1487 566 1549 totiens
593 1507 737 1570 pugnae,
770 1508 804 1549 se
836 1486 971 1570 quisque
1004 1485 1127 1549 ultione
1150 1489 1184 1548 et

98 1575 168 1636 uine
207 1574 386 1657 explebant.
433 1574 577 1637 differtur
617 1597 674 1657 per
710 1573 908 1658 manipulos,
945 1572 1183 1637 Tacfarinatem

98 1685 136 1745 es,
160 1667 274 1725 notum
297 1666 347 1726 tot
370 1663 510 1745 proeliis,
533 1666 772 1726 consectentur:
799 1685 867 1726 non
890 1661 955 1726 nisi
983 1662 1061 1725 duce
1084 1662 1182 1724 inter-

117 1750 263 1834 requiem
294 1751 373 1814 belll
396 1751 473 1815 fore.
511 1756 545 1814 at
571 1751 628 1814 ille
656 1751 786 1815 deiectis
817 1751 937 1815 circum
970 1749 1181 1832 stipatoribus
1193 1764 1226 1812 15

99 1860 182 1921 oque
205 1839 269 1902 iam
289 1839 357 1903 filio
382 1843 415 1902 et
434 1839 543 1903 effusis
565 1839 708 1924 undique
732 1838 897 1923 Romanis,
920 1837 1042 1902 ruendo
1061 1837 1181 1901 in'tela

98 1928 232 1991 vitatem
254 1927 341 1991 haud
373 1928 475 1991 inulta
504 1932 607 1992 morte
640 1928 754 2012 effugit
785 1929 876 2011 isque
899 1928 975 1990 finis
999 1926 1098 1989 armis
1121 1926 1180 1989 im·

98 2038 142 2080 us.

98 2102 285 2168 Dolabellae
321 2104 446 2187 petenti
483 2104 597 2168 abnuit
632 2104 842 2187 triumphalia
874 2102 1031 2187 Tiberius,
1063 2100 1180 2168 Seiano
1191 2101 1234 2166 26

98 2213 163 2270 ene,
186 2214 228 2255 ne
251 2191 361 2256 Blaesi
385 2193 534 2255 avunculi
559 2193 626 2256 eius
649 2192 720 2256 laus
744 2192 968 2256 obsolesceret.
1004 2191 1059 2255 sed
1077 2212 1180 2274 neque

98 2303 142 2344 rus
158 2280 230 2344 ideo
248 2280 425 2364 inlustrior,
444 2284 477 2344 et
494 2281 569 2345 huic
588 2284 726 2365 negatus
744 2281 849 2345 honor
873 2280 1011 2364 gloriam
1028 2280 1180 2343 intendit:

98 2390 125 2432 >e
149 2369 274 2432 minore
298 2369 437 2433 exercitu
465 2370 604 2453 insignis
632 2371 791 2452 captivos,
819 2369 950 2433 caedem
978 2368 1068 2432 ducis
1091 2368 1180 2432 belli·

98 2456 231 2521 ronfecti
253 2457 376 2521 famam
409 2457 604 2540 deportarat.
642 2458 858 2542 sequebantur
888 2462 920 2522 ot
944 2454 1215 2520 Garamantumt

98 2545 116 2625 i,
138 2566 212 2608 raro
236 2546 270 2608 in
293 2546 372 2608 urbe
395 2546 465 2626 visi,
489 2567 569 2630 quos
588 2545 793 2630 Tacfarinate
817 2568 912 2610 caeso
931 2545 1079 2628 perculsa
1098 2565 1178 2628 gens

98 2633 175 2715 ‚lpao
203 2635 313 2697 nescia
345 2634 385 2697 ad
410 2634 692 2698 satisfaciendum
722 2634 842 2718 populo
866 2633 1013 2698 Romano
1036 2633 1179 2697 miserat.

98 2722 143 2785 ‚tis
168 2721 283 2785 dehinc
306 2721 483 2786 Ptolemaei
510 2745 567 2805 per
597 2723 640 2786 id¹
662 2724 782 2787 bellum
815 2722 929 2785 studiis
958 2722 1115 2803 repetitus
1139 2743 1178 2784 ex

98 2813 132 2873 to
147 2831 237 2873 more
251 2810 356 2874 honos
371 2811 552 2894 missusque
567 2833 583 2874 e
603 2812 809 2877 senatoribus
824 2809 879 2894 qui
894 2809 1071 2892 scipionem
1086 2809 1178 2872 ebur·

117 2985 255 3038 cornultor
278 2983 473 3053 „Rathgober“
494 2985 565 3040 auch
656 2991 697 3039 13.
717 2982 1105 3051 differturstattdivnlpntur,
1123 2981 1177 3036 wie

98 3053 204 3118 lallust;
233 3055 280 3108 bei
306 3054 400 3109 Cicero
425 3055 513 3109 heisst
535 3073 564 3109 es
620 3063 644 3123 1,
664 3062 688 3108 4.
708 3061 733 3123 3,
754 3061 787 3108 12
815 3054 924 3120 differri
948 3052 1029 3106 etiarn
1053 3068 1104 3120 par
1131 3069 1176 3106 eu·

98 3142 130 3177 rm
140 3124 217 3178 Rath
226 3125 363 3194 fragende
373 3145 395 3178 z.
404 3125 434 3178 B.
446 3125 563 3181 Client“.
618 3132 717 3192 ternos,
736 3131 876 3194 tamquam
893 3139 994 3177 ueneno
1013 3124 1177 3191 interceptam

112 3202 134 3250 5.
164 3197 375 3264 simulque—et
394 3198 465 3250 statt
482 3198 564 3250 strunt
618 3202 690 3250 esset.
715 3196 799 3254 Sonst
817 3214 869 3249 nur
887 3195 934 3248 bei
952 3194 1007 3247 den
1020 3193 1176 3248 Komikern

103 3267 157 3319 mit
174 3266 337 3336 folgenden.
350 3266 520 3333 Naohsatze3
541 3285 562 3320 s.
617 3268 675 3321 und
693 3267 797 3322 Livius.

102 3343 135 3389 65
155 3338 237 3390 simul
251 3338 324 3405 hoec,
343 3343 368 3390 et
382 3355 442 3391 cunt
456 3338 563 3392 delectis
652 3355 701 3410 26,
734 3362 759 3409 2,
791 3355 914 3410 tribum,
937 3371 1004 3424 „aus
1022 3353 1178 3408 Rfickflicht

98 3412 248 3531 iuliobdwrdit
265 3479 297 3532 in
315 3478 372 3533 und
392 3478 456 3532 dem
475 3478 562 3532 Accu·
617 3427 690 3480 affl
727 3426 808 3481 ΝΜ
837 3433 866 3494 3’
887 3432 919 3480 ⁷²
948 3428 1012 3507 sagi
1039 3423 1175 3506 Tilerlm'

616 3497 658 3550 als
682 3515 711 3551 er
734 3497 799 3550 dem
821 3497 936 3551 Blaesus
964 3496 1009 3548 dre
1032 3495 1176 3564 Insrgmen

104 3549 158 3630 Wi‘?
179 3547 235 3631 019·
254 3548 326 3602 Phil·
347 3557 371 3616 5³
392 3556 406 3602 ⁷
427 3551 517 3603 adesse
531 3551 562 3631 ln
616 3568 795 3635 verleiht,=‚er
812 3569 881 3621 thue
900 3567 950 3619 das
964 3566 1029 3619 dem
1043 3563 1127 3634 Sejan
1141 3583 1176 3617 zu

98 3635 127 3671 »m
145 3625 234 3672 aussut.
260 3620 296 3672 ud
310 3621 369 3673 nat.
390 3626 432 3686 15,
452 3627 477 3687 4,
497 3626 512 3672 2
531 3637 562 3673 an
615 3639 716 3694 Ehren·

98 3690 415 3776 ianumesoemsmmm'
436 3690 560 3745 BeiTac‘
652 3733 676 3780 3.
710 3727 828 3780 intendit
852 3726 922 3779 statt
940 3724 1035 3790 nutrit,
1058 3723 1112 3778 wie
1132 3741 1175 3792 cp.

100 3780 116 3827 ρ
616 3802 650 3850 40
683 3797 844 3851 intrudatur
875 3801 1017 3850 certarnen.
1061 3799 1107 3863 13,
1142 3800 1174 3849 15

102 3832 563 3954 a
941 3864 1021 3920 m

112 3972 148 4025 ab
168 3972 225 4024 und
244 3972 293 4026 der
312 3971 379 4026 sinn
398 3974 447 4027 {sag
468 3978 492 4026 et
510 3990 560 4026 me.
652 3962 676 4010 7.
709 3956 807 4009 nescia
841 3954 908 4009 Also
931 3954 1011 4009 hatte
1030 3953 1081 4007 das
1099 3953 1174 4007 Volk

98 4043 213 4110 [notiam
222 4059 349 4112 puynam
363 4045 492 4097 advmud
506 4045 561 4097 du.
616 4026 675 4108 8th
704 4026 758 4079 den
786 4024 960 4093 Sbrfliflfigen
990 4024 1038 4080 des
1066 4024 1173 4092 Kilnlgfl

114 4118 238 4180 optasset.
268 4114 322 4168 Mit
339 4115 473 4168 eludentes
490 4114 561 4167 wird
615 4097 694 4151 mChi
713 4095 935 4165 ³³8050h10⁹⁵0ss

98 4185 179 4249 huet,
212 4184 274 4238 dass
307 4184 351 4239 dio
379 4185 483 4239 Feinde
516 4185 561 4238 die
652 4191 676 4238 9.
709 4185 761 4238 Die
784 4184 929 4254 poetischo
953 4185 1036 4251 Form
1055 4184 1175 4239 eburnus

98 4255 188 4308 inheit
224 4255 337 4322 hatten,
373 4256 434 4310 cine
472 4255 560 4310 offena
615 4258 686 4310 statt
703 4256 837 4311 eburneus
855 4256 906 4310 hut
920 4255 1032 4310 Tacitus
1047 4272 1099 4308 nur
1112 4252 1174 4306 hier

98 4325 137 4378 :ht
156 4343 190 4377 zu
208 4326 376 4380 vermeiden.
615 4327 672 4379 und
690 4332 717 4394 2,
736 4332 778 4381 83.
