2752 4784
102 236 167 299 228
422 242 595 297 CORNELII
614 242 738 298 TAOITI
755 244 955 301 ANNALIUM

48 415 81 463 15
104 397 207 457 aetate
242 397 298 456 aut
329 393 513 457 valetudine
542 394 620 458 fessi
652 398 853 459 sacramento
882 396 1101 461 solvebantur.
1152 398 1278 463 cladem

102 481 349 566 Lugdunensem
381 482 596 566 quadragiens
630 483 777 547 sestertio
810 483 934 547 solatus
968 487 1018 548 est
1044 484 1208 569 princeps,
1240 490 1279 549 nt

102 572 223 634 amissa
244 570 317 634 urbi
339 574 549 653 reponerent3
573 593 670 655 quam
692 570 863 655 pecuniam
876 570 1108 656 Lugdunenses
1126 576 1202 637 ante
1221 575 1278 638 ob·

102 660 243 723 tulerant
265 659 355 722 urbis
378 659 514 723 casibus.

50 750 91 813 14
192 745 225 811 O.
245 746 398 811 Suetonio
422 746 539 811 Luccio
559 747 708 812 Telesino
733 749 917 812 consulibus
932 748 1093 813 Antistius
1113 748 1278 834 SosianuS,

100 837 256 901 factitatis
275 837 309 899 in
322 834 486 900 Neronem
506 836 702 901 carminibus
720 836 886 919 probrosis
906 837 1019 918 exilio,
1042 840 1079 900 ut
1097 837 1172 921 dixi,
1195 840 1277 902 mul-

100 929 201 1007 tatus,
233 927 407 1008 postquam
440 925 473 988 id
504 925 635 989 honoris
667 925 828 989 indicibus
860 928 992 1009 tamque
1020 930 1207 1009 promptum
1236 927 1279 992 ad

101 1015 212 1077 caedes
235 1013 413 1097 principem
437 1014 572 1097 accepit,
604 1014 731 1097 inquies
764 1014 872 1077 animo
901 1018 934 1076 et
960 1014 1166 1078 occasionum
1188 1015 1278 1079 haud

65 1124 81 1171 5
101 1103 210 1186 segnis
232 1100 441 1165 Pammenem
465 1102 608 1166 eiusdem
639 1103 702 1166 loci
730 1102 855 1165 exulem
888 1106 920 1166 et
943 1100 1188 1167 Chaldaeorum’
1207 1108 1277 1167 arte

99 1192 259 1255 famosum
283 1212 382 1274 eoque
405 1191 582 1254 multorum
605 1190 755 1255 amicitiis
779 1191 946 1273 innexum,
977 1191 1187 1255 similitudine
1210 1192 1276 1257 for-

98 1284 197 1342 tunae
229 1279 292 1343 sibi
324 1278 482 1342 conciliat.
536 1279 694 1342 ventitare
728 1279 767 1341 ad
799 1300 873 1342 eum
899 1279 1031 1343 nuntios
1060 1282 1092 1342 et
1114 1280 1277 1345 consulta-

99 1368 204 1431 tiones
228 1389 294 1431 non
317 1366 439 1430 frustra
461 1370 564 1448 ratuS,
588 1367 684 1429 simul
708 1389 849 1430 annuam
872 1366 1042 1448 pecuniam
1065 1366 1139 1432 aP.
1153 1367 1276 1433 Anteio

99 1455 277 1519 ministrari
300 1455 481 1538 cognoscit,
503 1476 607 1539 neque
629 1455 773 1518 nescium
796 1454 940 1518 habebat
962 1455 1116 1519 Anteium
1140 1457 1275 1521 caritate

47 1568 80 1615 10
98 1542 300 1628 Agrippinae
323 1543 465 1607 inuisum
480 1542 604 1607 Neroni
627 1564 767 1627 opesque
791 1544 859 1606 cius
877 1544 1066 1627 praecipuas
1086 1543 1126 1607 ad
1146 1545 1276 1609 elicien-

99 1633 173 1695 dam
192 1631 375 1714 cupidinem
394 1653 528 1716 eamque
547 1654 677 1696 causam
696 1631 808 1695 multis
828 1632 925 1695 exitio
946 1653 1024 1695 esse.
1059 1632 1163 1717 igitur
1175 1634 1275 1698 inter-

97 1722 198 1804 ceptis
222 1720 322 1784 Antei
343 1721 476 1803 litteris,
503 1721 629 1784 furatus
658 1720 757 1783 etiam
780 1720 923 1802 libellos,
951 1720 1068 1804 quibus
1092 1720 1160 1785 dies
1184 1724 1274 1806 geni-

97 1810 173 1873 talis
197 1811 265 1873 eius
289 1812 321 1871 et
344 1812 498 1873 eventura
526 1809 656 1872 secretis
679 1807 864 1871 Pammenis
889 1809 1148 1893 occultabantur,
1176 1811 1275 1875 simul

97 1899 233 1982 repertis
257 1919 338 1983 quae
362 1898 400 1960 de
424 1902 496 1962 ortu
520 1899 648 1981 vitaque
663 1895 784 1961 Ostorii
799 1894 955 1979 Scapulae
974 1898 1157 1980 composita
1170 1906 1275 1983 erant,

45 2010 79 2056 15
98 1987 211 2051 scribit
233 1987 274 2049 ad
296 1986 474 2069 principem
497 2006 618 2070 magna
645 2007 678 2049 se
707 1988 739 2048 et
762 2007 843 2067 quae
866 1985 1083 2049 incolumitati
1105 1987 1174 2050 eius
1198 2009 1273 2052 con-

98 2076 250 2139 ducerent
281 2075 476 2157 adlaturum,
519 2076 547 2137 si
582 2075 712 2138 brevem
750 2073 838 2136 exilii
872 2073 1001 2137 veniam
1032 2075 1274 2161 inpetravisset3

98 2165 214 2247 quippe
229 2163 383 2226 Anteium
407 2166 439 2227 et
453 2162 617 2227 Ostorium
640 2162 798 2226 inminere
817 2163 912 2226 rebus
936 2165 969 2225 et
987 2184 1047 2226 sua
1060 2160 1274 2249 Caesarisque

96 2252 165 2315 fata
197 2251 343 2315 scrutari.
402 2252 476 2315 exin
513 2252 630 2315 missae
663 2250 840 2314 liburnicae
873 2250 1104 2335 advehiturque
1135 2274 1274 2337 propere

98 2338 260 2404 Sosianus.
297 2361 334 2403 ac
357 2340 489 2423 vulgato
508 2339 576 2402 eius
599 2339 718 2403 indicio
740 2339 826 2401 inter
849 2339 1020 2403 damnatos
1043 2340 1150 2425 magis
1172 2364 1272 2425 quam

44 2452 78 2499 20
98 2430 182 2491 inter
204 2449 276 2490 reos
298 2427 436 2489 Anteius
461 2425 671 2509 Ostoriusque
694 2427 910 2510 habebantur,
934 2427 1013 2491 adeo
1037 2430 1074 2491 ut
1095 2430 1272 2495 testamen-

134 2663 175 2710 16.
204 2655 284 2708 Naoh
312 2654 418 2708 Seneca
447 2655 500 2778 (ep.
525 2656 569 2721 91)
598 2672 656 2707 war
709 2654 770 2707 hier
788 2654 845 2707 und
866 2660 907 2722 14,
922 2660 964 2707 33.
1002 2654 1030 2707 S.
1044 2653 1117 2707 Einl.
1132 2660 1157 2719 §-
1172 2662 1217 2709 44.
1237 2688 1271 2696 —

97 2728 266 2795 Impdunmo
289 2726 389 2795 (Lyon)
411 2724 452 2778 im
488 2729 547 2779 .58
573 2730 655 2794 ganz·
710 2724 763 2778 Die
773 2724 911 2778 Olralditer
930 2724 996 2778 oder
1009 2726 1194 2780 mathematici
1207 2727 1270 2781 sind

96 2798 153 2852 lich
183 2798 367 2867 abgebrannt.
413 2796 477 2849 Erst
501 2795 588 2864 jetzt,
616 2795 656 2848 im
710 2796 886 2865 Astrologen.

96 2870 121 2922 J.
138 2874 184 2937 65,
203 2868 389 2922 unterstr'itate
407 2866 482 2920 Nero
502 2866 547 2920 die
564 2866 655 2933 stadt,
746 2891 770 2937 0,
785 2886 913 2949 mmm,
927 2882 1097 2937 ffichtefigch
1110 2884 1168 2937 und
1182 2886 1269 2939 nach.

96 2939 161 2993 weil
179 2940 219 2993 ⁸1⁰
237 2938 416 3005 isszwisssshQ
436 2938 508 2990 lf⁰l2
522 2937 598 2991 ihrer
617 2937 655 2991 ei·
709 2954 860 3023 klassisch‚
889 2955 961 3009 auch
986 2960 1017 3023 3,
1037 2960 1071 3008 10
1089 2956 1272 3011 coriacieotiae

96 3027 187 3079 genen
204 3009 347 3075 Verluslw,
366 3007 522 3095 ssachflffm
541 3024 655 3089 grossen
709 3027 813 3079 enutris.
834 3033 858 3093 6,
878 3032 911 3080 36
930 3026 1082 3095 Hyrcanis.
1099 3024 1165 3081 hist.
1181 3032 1207 3095 4,
1226 3032 1270 3081 68.

96 3081 206 3135 Brando
228 3081 315 3134 Roms
334 3078 534 3147 Geldbe1trage
560 3096 654 3147 ernge-
708 3096 774 3165 vgl,
795 3103 836 3165 15,
855 3102 889 3150 32
914 3112 972 3150 mm
994 3096 1157 3151 pimenem
1173 3100 1272 3151 mmm

96 3152 181 3205 sandi
196 3152 285 3205 hatte·
330 3150 336 3219 l
709 3182 825 3232 emmau,
844 3166 897 3221 wie
916 3166 1002 3221 sehon
1019 3166 1067 3221 bei
1085 3166 1191 3223 Cicero.

745 3261 769 3308 8.
788 3254 819 3309 P.
829 3253 948 3324 Antejus
962 3255 1043 3309 hatte
1053 3256 1190 3325 Ursache,
1205 3258 1270 3311 dem

738 3342 784 3379 ero
803 3344 836 3378 zu
855 3331 970 3393 alimen,
997 3326 1035 3380 da
1053 3326 1143 3382 dieser
1160 3326 1211 3381 ihn
1229 3328 1269 3381 im

754 3400 787 3449 55
811 3414 874 3449 zum
897 3396 1068 3451 Statthalter
1091 3414 1147 3451 von
1170 3396 1269 3467 Syrien

132 3291 178 3346 14.
189 3299 230 3414 d1.
268 3290 654 3415 ·Uebirsslue·l⁰nii¹ltpalh'
709 3325 735 3377 N

95 3381 160 3431 nus,
193 3378 238 3445 'er
265 3380 305 3413 rm
349 3404 354 3414 .
435 3380 465 3414 m
515 3377 655 3414 nanmen
708 3396 734 3449 J,

95 3432 468 3558 tesnerias-soni
484 3438 655 3570 ilcila
709 3465 1095 3605 gnggiergypm
1117 3468 1268 3539 munue-

97 3574 242 3629 Domitian
259 3574 404 3628 verbannt.
828 3627 833 3636 .
931 3628 988 3638 .,
1080 3627 1086 3639 .
1210 3628 1216 3641 .

132 3656 157 3700 2.
170 3647 318 3715 p,0b,.03,·3·
347 3644 476 3698 Dieselbe
490 3643 596 3697 Phrase
612 3650 653 3711 14,
746 3631 786 3679 12.
802 3627 860 3679 dics
873 3627 1175 3694 penatcilrsbeaerchnet
1187 3630 1269 3683 maht

97 3724 131 3771 48
142 3718 278 3785 probroso
288 3718 417 3770 aduersus
428 3716 584 3783 principem
594 3730 653 3767 cer·
709 3713 760 3748 ΜΠ
775 3696 824 3749 <1³2⁸
834 3696 951 3765 Datum,
967 3699 1086 3752 flossdem
1100 3698 1147 3753 die
1160 3698 1267 3769 gleich-

95 3788 173 3841 mma
190 3789 337 3854 factitavit.
366 3785 571 3840 coenassent
584 3784 655 3837 wne
708 3766 810 3835 cilice
830 3767 959 3849 sanung
977 3769 1026 3851 der
1044 3770 1196 3853 ennean,
1221 3770 1267 3824 die

97 3858 214 3926 mahlt’
243 3858 306 3912 dass
328 3857 468 3911 Anffisqjus
497 3857 547 3924 (im
565 3856 590 3908 J⁴
610 3859 654 3924 02)
710 3836 921 3906 Constellatron,
933 3842 1171 3907 pommeranum
1185 3848 1211 3909 θ,
1223 3848 1266 3895 21.

96 3944 194 3998 wege„
225 3929 315 3983 ,einer
347 3927 561 3998 gpoqqgediehqe
593 3943 654 3980 ver.
708 3909 993 3977 Vglobendaselbst:
1008 3912 1152 3979 penitalcm
1161 3913 1266 3967 borum

95 4000 186 4052 bannt
203 4000 287 4053 ward.
747 4004 788 4052 13.
802 3999 911 4052 secretis
925 3998 1034 4052 scheint
1049 4018 1083 4053 zu
1095 4000 1220 4056 heissen:
1238 4000 1268 4054 in

132 4076 156 4123 4.
171 4072 289 4138 inquire,
303 4071 376 4123 auch
391 4077 415 4137 6,
431 4076 464 4123 18
478 4070 599 4122 moribus
611 4070 653 4121 ire·
707 4068 972 4136 gehoimnissvollon
990 4070 1206 4141 Andeutungen.

96 4142 179 4209 quies.
200 4148 227 4207 1,
248 4146 289 4193 65.
310 4147 344 4193 74
369 4140 425 4193 und
445 4140 529 4207 efter,
549 4139 586 4193 ist
604 4158 653 4191 uu·
744 4145 785 4191 14.
811 4139 867 4192 Der
887 4140 975 4210 junge
995 4140 1137 4209 Ostorius,
1165 4142 1267 4197 dassen

98 4211 246 4279 klassisch,
268 4210 356 4264 findet
369 4210 428 4264 sich
442 4212 510 4263 aber
524 4212 609 4263 sehon
623 4210 653 4263 in
706 4210 794 4264 Vater
812 4210 851 4263 im
870 4212 895 4264 J.
915 4218 949 4265 50
972 4211 1013 4265 als
1033 4212 1269 4267 Oberbefehlsha-

97 4283 224 4337 sollust's
242 4282 438 4351 Fragmenten.
706 4282 756 4335 ber
773 4281 803 4333 in
822 4280 985 4335 Britannien
1004 4284 1095 4351 starb‚
1124 4284 1195 4339 wird
1224 4293 1266 4351 1·.’,

133 4360 155 4409 ἴ».
180 4354 269 4424 separis
294 4352 347 4406 mit
375 4352 440 4405 dem
457 4352 577 4406 llonetir
602 4370 653 4406 nur
707 4358 738 4405 31
761 4353 906 4407 ebronroll
924 4354 1059 4407 orwiihnt.
