2722 4762
332 213 443 267 mum
460 213 534 267 xm.
564 212 642 267 cur.
662 218 776 267 er-se.
1080 201 1141 266 101

98 364 143 427 iia
175 364 260 448 legio
293 385 366 427 cum
399 364 560 447 equitibus
592 363 701 427 alariis
731 365 764 425 et
786 362 931 445 peditatu
954 361 1145 427 cohortium.
1167 383 1200 432 10

98 474 176 537 sque
200 452 305 516 omnis
330 453 486 516 exereitus
511 452 570 515 sub
593 451 745 535 pellibus,
768 452 915 535 quamvis
928 452 1034 517 hieme
1050 473 1147 516 saeva

98 546 125 605 rt
140 541 278 605 obducta
301 541 402 625 glacie
417 541 480 605 nisi
504 541 622 605 effossa
644 541 761 604 humus
775 540 924 605 tentoriis
947 541 1055 606 locum
1077 562 1145 605 non

98 634 144 694 et.
181 630 323 694 ambusti
336 631 511 695 multorum
536 633 624 693 artus
648 629 682 694 ri
696 629 827 713 frigoris
851 632 883 692 et
906 630 1037 714 quidam
1059 630 1144 693 inter
1204 675 1209 683 -

98 743 119 783 s
135 719 308 782 exanimati
323 722 407 783 sunt.
446 718 680 802 adnotatusque
695 718 801 801 miles,
826 719 881 803 qui
895 718 1015 783 fascem
1037 718 1143 802 ligno-

98 808 230 891 estabat,
261 808 309 871 ita
335 808 551 891 praeriguisse
578 829 711 889 manua,
742 811 780 869 ut
816 807 905 871 oneri
933 807 1144 871 adhaerentes
1163 825 1196 874 15

116 897 256 961 brachiis
280 896 470 961 deciderent.
516 897 585 979 ipse
609 897 698 959 cultu
720 896 798 978 levi,
822 896 926 979 eapite
950 896 1087 978 intecto,
1110 896 1144 959 in

103 1038 111 1069 ,
135 987 169 1049 in
183 986 348 1050 laboribus
362 985 513 1069 frequens
529 985 652 1065 adesse,
675 985 803 1048 laudem
819 985 973 1067 strenuis,
989 986 1145 1049 solacium

98 1098 132 1156 a,
155 1075 337 1157 exemplum
361 1074 510 1138 omnibus
535 1073 710 1138 ostendere.
756 1073 871 1137 dehine
894 1074 969 1157 quia
992 1074 1144 1138 duritiam

98 1164 267 1248 n'litiaeque
287 1164 381 1226 multi
401 1163 587 1227 abnuebant
605 1162 875 1246 deserebantque,
898 1163 1075 1227 remedium
1098 1183 1145 1225 se-

98 1280 102 1313 ι
126 1253 307 1337 quaesitum
331 1256 387 1315 est.
432 1274 491 1315 nec
516 1252 614 1334 enim,
637 1253 675 1313 ut
697 1251 731 1313 in
755 1251 828 1315 aliis
852 1252 1057 1334 exercitibus,
1078 1251 1142 1335 pri·
1161 1269 1196 1319 20

98 1343 280 1425 ‚lterumque
304 1341 455 1404 delictum
479 1340 574 1404 venia
596 1340 866 1423 prosequebatur,
894 1340 950 1403 sed
973 1341 1028 1425 qui
1052 1341 1146 1425 signa

98 1434 154 1511 rat,
180 1431 290 1493 statim
315 1430 419 1512 eapite
441 1451 563 1512 poenas
586 1429 704 1492 luebat.
755 1428 851 1513 idque
875 1451 936 1493 usu
961 1429 1089 1493 salubre
1113 1432 1145 1493 et

98 1519 188 1583 ordia
210 1519 324 1582 melius
348 1518 510 1601 apparuit,
543 1518 660 1601 quippe
689 1517 856 1599 pauciores
884 1518 941 1581 illa
963 1522 1071 1582 eastra
1094 1518 1145 1581 de-

119 1630 217 1692 quam
241 1630 278 1671 ea
300 1608 334 1670 in
359 1608 475 1690 quibus
498 1607 737 1691 ignoscebatur.

98 1696 192 1759 terim
208 1694 347 1760 Corbulo
371 1696 554 1779 legionibus
572 1696 660 1758 intra
683 1698 788 1758 eastra
810 1695 944 1777 habitis,
968 1695 1066 1759 donee
1090 1716 1146 1758 ver
1155 1692 1198 1757 36

99 1790 180 1868 eret,
204 1784 432 1868 dispositisque
455 1806 512 1868 per
534 1784 668 1848 idoneos
692 1784 780 1848 locos
805 1783 989 1847 cohortibus
1014 1784 1146 1846 auxilia-

97 1900 103 1935 ε
126 1895 270 1957 pugnam
285 1874 408 1956 priores
429 1874 583 1936 auderent
597 1872 765 1955 praedicit,
789 1893 898 1935 euram
913 1871 1146 1954 praesidiorum

109 1961 212 2026 Orfito
245 1963 340 2045 primi
372 1963 430 2044 pili
458 1963 581 2027 honore
604 1960 773 2044 perfuncto
797 1961 938 2024 mandat.
983 1961 1011 2023 is
1035 1982 1146 2043 quam-

100 2053 246 2115 incautos
274 2051 430 2115 barbaros
463 2055 495 2114 et
527 2051 607 2115 bene
641 2049 798 2133 gerendae
830 2049 879 2112 rei
902 2071 1012 2113 casum
1040 2048 1182 2112 offerri5

98 2145 155 2221 rat,
187 2144 295 2202 tenere
336 2162 369 2203 se
398 2139 606 2203 munimentis
640 2143 673 2202 et
700 2139 837 2202 maiores
866 2138 976 2221 copias
1007 2137 1147 2220 opperiri

103 2421 246 2490 gemacht,
260 2420 337 2473 ward
352 2417 534 2488 schoufunter
587 2419 635 2473 bei
664 2418 759 2474 Cicero
784 2440 806 2474 z.
825 2420 855 2473 B.
885 2437 913 2487 p.
940 2419 1020 2473 Raso.
1044 2420 1105 2472 Am.
1130 2426 1147 2474 6

98 2492 266 2560 Nachfolger
289 2492 425 2559 Amyntas
451 2489 535 2544 rdmi-
589 2496 647 2544 erat
665 2493 711 2545 dle
729 2491 832 2545 Rornae
850 2491 984 2559 frequens.

98 2560 184 2631 minz,
203 2562 400 2631 Cappadocien
415 2564 470 2615 erst
484 2580 533 2614 un-
626 2569 667 2616 18.
683 2563 715 2615 ln
730 2564 867 2617 ostendere
880 2562 1008 2630 liegtein
1015 2561 1146 2631 Zeugma.

98 2635 164 2688 erius
183 2636 219 2700 (²2,
240 2637 293 2701 42).
313 2664 346 2671 -
371 2649 403 2685 ere
423 2633 533 2686 Germa·
626 2640 667 2687 19.
687 2635 806 2687 abnuere
825 2634 895 2686 statt
912 2635 1070 2698 detrectare,
1094 2633 1147 2687 wie

98 2706 130 2758 *ie
159 2704 270 2758 zubltte
294 2704 414 2773 Legion,
448 2704 534 2757 sehon
589 2712 614 2771 t,
633 2710 666 2757 27
687 2705 806 2757 abnuere
823 2705 854 2757 id
872 2720 980 2757 narnus.
1005 2710 1047 2768 11,
1066 2710 1082 2757 8
1101 2705 1147 2757 da-

98 2776 209 2829 ‘iberius
236 2775 266 2827 in
292 2774 389 2842 Syrien
417 2775 534 2828 stehend
588 2776 773 2829 triturationem.
795 2781 836 2841 14,
851 2780 884 2827 37
899 2776 976 2827 iussa
990 2775 1076 2841 doceis,
1090 2775 1149 2826 und

99 2866 126 2899 n.
144 2846 205 2900 Chr.
232 2863 287 2899 von
306 2845 439 2900 Claudius
462 2845 534 2898 nach
590 2847 669 2899 bfter.
690 2845 828 2899 Aehnlich
841 2845 888 2899 bei
897 2843 1066 2911 Klassikern,
1081 2844 1148 2897 aber

98 2918 170 2971 [land
207 2917 328 2985 verlegt‚
365 2917 431 2969 kam
466 2917 537 2985 jetzt
590 2918 686 2971 selten.

98 3104 159 3139 ma
178 3087 243 3139 adeo
289 3085 381 3139 Ueber
399 3085 444 3138 die
465 3085 535 3138 Stel,
625 3059 673 3112 36.
694 3065 719 3112 2.
748 3059 916 3113 adolesceret.
942 3058 974 3110 In
992 3057 1083 3111 dieser
1096 3057 1147 3112 Be-

101 3175 168 3210 ΖΜ
216 3129 251 3210 25‘
589 3130 714 3199 deutung
732 3129 889 3199 gebraueht
903 3129 968 3183 Tac.
984 3144 1057 3182 zwar
1075 3130 1148 3183 nach

169 3176 195 3226 p'
252 3199 257 3210 “
527 3253 532 3263 ,
588 3201 652 3255 dem
667 3201 817 3270 Vorgange
837 3200 886 3254 des
900 3199 1006 3254 Sallust
1019 3199 1068 3253 das
1081 3200 1148 3253 Par-

98 3254 385 3322 nbatus‚‚e1fr0ren“
403 3255 475 3307 auch
488 3254 534 3335 be,
587 3272 658 3341 aaa
677 3273 798 3337 aturrus,
816 3290 864 3326 um
883 3271 929 3326 ne
947 3271 1071 3325 mentera
1087 3271 1148 3325 rea

98 3344 167 3379 ‚eren
185 3325 303 3379 Plinius:
330 3327 456 3378 arnbnsta
473 3326 533 3394 ‘0'an
588 3362 621 3395 zu
639 3342 822 3411 bezeichnen,
842 3343 889 3397 bei
910 3360 965 3401 W
984 3348 1080 3408 aestas,
1099 3360 1148 3395 au,

98 3415 140 3549 {W-
173 3500 184 3547 t
254 3494 314 3547 Η
365 3494 383 3546 d
586 3419 722 3539 qltlalqluqelelsr,
735 3431 801 3539 ἓξὲξ,
812 3415 879 3469 aber
889 3414 939 3469 das
949 3413 1074 3469 Verbum
1086 3413 1148 3466 fini-

105 3501 268 3619 ndbhidich
281 3510 345 3619 edeii
368 3510 531 3618 lidmihsgi
623 3563 646 3612 3.
660 3529 822 3624 praedicere
835 3558 905 3611 statt
919 3557 1028 3620 edicere,
1047 3555 1148 3622 intere,

105 3636 181 3690 Einl.
201 3644 223 3702 §-
243 3643 285 3691 82.
586 3628 639 3682 wie
659 3635 701 3696 16,
720 3634 754 3682 33
777 3629 921 3697 praedicto
943 3644 976 3679 ne
1000 3626 1032 3706 in
1049 3641 1079 3678 re
1092 3642 1147 3693 pn-

587 3700 659 3753 bte'ea
676 3700 827 3753 traheretur.
866 3697 921 3751 Cic.
941 3698 975 3751 de
995 3696 1050 3749 drv.
1073 3704 1096 3763 1,
1112 3702 1147 3749 24

582 3772 741 3838 maedieere
759 3787 793 3824 ne
810 3771 840 3823 td
859 3770 966 3834 faceret.
1013 3766 1149 3837 Hdufiger

587 3841 634 3895 bei
651 3841 759 3895 Livius:
784 3846 866 3908 2,10.
883 3846 925 3902 23,
941 3845 974 3892 19
993 3838 1051 3891 und
1065 3837 1146 3893 efter.

623 3919 647 3966 4.
662 3913 751 3980 primi
765 3911 822 3979 pili
841 3911 889 3963 ott.
914 3909 952 3963 Er
965 3910 1003 3964 ist
1016 3909 1147 3979 31101111-

98 4019 125 4072 iv
151 4039 163 4073 s
189 4019 255 4072 ΕΜ
282 4024 297 4083 5
325 4023 359 4070 24
404 4017 429 4069 V
431 4018 461 4070 01
491 4023 522 4070 15
586 3984 740 4051 trendens,
759 3982 809 4035 hat
827 3981 869 4035 als
888 3981 997 4036 solcher
1015 3981 1070 4035 den
1088 3998 1147 4035 een-

165 4060 182 4101 '·
257 4062 262 4072 '
300 4061 304 4071 “
362 4060 366 4070 “
430 4059 469 4086 ⁰¹
526 4061 531 4085 ’
586 4071 633 4107 sns
651 4060 768 4122 eqnester
794 4052 852 4105 und
870 4051 1080 4106 Anwartsehaft
1098 4051 1148 4105 auf

98 4092 152 4144 dus
173 4108 228 4143 ‘am
247 4096 332 4143 arms·
587 4125 632 4178 die
647 4124 734 4179 Stelle
749 4124 824 4178 eines
834 4123 1065 4193 Kriegstribunen
1079 4122 1146 4177 oder

98 4213 195 4265 eqnens
210 4195 532 4294 alsPrttdicatsadjectiv
586 4196 741 4285 Prdfecten.
937 4268 941 4277 Ι
1018 4264 1024 4275 ·
1104 4269 1135 4314 1η

98 4267 532 4406 mutuabatur
588 4267 834 4405 ..resume
851 4271 1088 4390 tuantur

98 3736 222 3803 deripere
250 3750 352 3803 „vome
379 3734 532 3786 erstarren“

99 3804 149 3874 εἰρ.
169 3805 223 3859 wie
237 3805 405 3873 praecolere,
420 3805 532 3871 praeta·

98 3878 137 3930 ist.
158 3884 187 3944 3,
208 3880 252 3944 65)
277 3876 482 3944 praeambrare.
498 3906 533 3912 -

127 3948 219 4001 Ueber
253 3948 307 4002 den
340 3945 533 4015 griechischen
