2722 4762
173 174 236 238 178
490 175 664 231 CORNELII
683 174 808 231 ΤΔΟΙΤΙ
824 176 1024 234 baustum

170 339 346 423 multisque
369 339 561 403 inlustribus
589 338 730 420 feminis,
753 360 811 422 per
833 341 1115 426 vaniloquentiam
1142 346 1230 430 leger

170 429 296 493 delator
327 428 449 510 extitit,
484 426 599 491 ceteris
637 427 677 491 ad
713 427 884 493 dicendum
914 430 1142 498 testimonium
1178 438 1230 499 ext

171 516 243 581 sola
272 515 408 581 Vitellia
439 515 523 580 nihil
547 537 581 579 se
609 515 770 580 audivisse
798 515 1008 583 adseveravit
1044 520 1103 586 sed
1134 543 1230 608 argue

171 605 211 668 ad
234 605 408 689 perniciem
439 606 513 689 plus
545 603 619 668 fidei
651 603 728 687 fuit,
761 605 986 692 sententiaque
1016 606 1148 675 Haterii
1178 612 1230 697 Ag

127 708 161 758 10
172 694 313 759 consulis
336 694 500 778 designati
523 693 681 757 indictum
703 713 759 757 reo
782 693 934 759 ultimum
956 697 1163 781 supplicium

115 780 160 846 50
260 781 382 848 Contra
400 781 456 846 M?
471 780 611 864 Lepidus
630 781 666 844 in
684 780 771 846 hunc
790 782 921 847 modum
936 805 1069 850 exorsus
1082 790 1149 853 est:
1168 787 1215 865 ‘si,

169 873 357 955 conscripti,
389 893 489 935 unum
519 870 552 933 id
576 873 775 953 spectamus,
797 892 896 954 qnam
921 872 1048 939 nefaria
1074 896 1154 941 voce
1182 875 1230 942 Olt

167 957 297 1025 Priscus
316 963 458 1024 mentem
478 980 569 1022 suam
589 961 622 1023 et
641 979 733 1022 aures
747 959 917 1024 hominum
930 961 1094 1047 polluerit,
1111 985 1215 1050 neque

168 1070 273 1133 neque
296 1050 439 1132 laqueus,
461 1069 503 1111 ne
523 1046 656 1111 serviles
676 1046 804 1131 quidem
824 1049 985 1114 cruciatus
1004 1050 1039 1115 in
1057 1073 1133 1117 eum
1151 1053 1230 1117 suffe

131 1150 148 1201 t
169 1137 221 1201 sin
242 1137 369 1221 flagitia
392 1141 426 1200 ct
447 1136 593 1200 facinora
616 1135 684 1199 sine
708 1135 804 1202 modo
828 1141 912 1221 sunt,
935 1139 1105 1223 suppliciis
1132 1163 1171 1207 ac
1193 1164 1230 1206 re:

167 1225 323 1308 principis
347 1224 526 1289 moderatio
550 1224 774 1308 maiorumque
797 1229 838 1292 et.
852 1229 962 1291 vestra
985 1229 1135 1313 exempla
1151 1233 1230 1313 temp

168 1317 200 1376 et
217 1334 303 1377 vana
322 1337 341 1378 a
360 1312 514 1395 scelestis,
532 1313 618 1377 dicta
637 1334 657 1376 a
675 1313 842 1378 maleficiis
861 1314 1024 1394 differunt,
1042 1321 1094 1381 est
1113 1318 1202 1384 locus
1218 1341 1230 1383 s

166 1402 241 1485 tiae,
264 1423 437 1486 perquam
454 1422 558 1486 neque
577 1401 653 1465 huic
675 1400 827 1466 delictum
846 1403 980 1487 impunc
1003 1404 1047 1469 sit
1069 1408 1102 1470 et
1124 1427 1186 1472 nos
1204 1407 1230 1471 cl

165 1490 232 1553 tiae
255 1491 352 1554 simul
371 1512 408 1554 ac
427 1489 609 1555 severitatis
627 1511 696 1553 non
713 1491 887 1573 paeniteat
920 1513 1017 1576 saepe
1035 1493 1147 1560 audivi
1163 1496 1230 1579 prin

121 1581 314 1643 mnostrum
342 1581 605 1663 conquerentem,
634 1579 662 1641 si
690 1579 763 1662 quis
796 1583 926 1663 sumpta
952 1583 1057 1645 morte
1087 1583 1230 1648 miserico

167 1668 237 1731 eius
260 1668 491 1752 praevenisset.
526 1667 595 1730 vita
619 1664 756 1731 Clutorii
778 1668 813 1732 in
835 1668 965 1754 integro
988 1674 1048 1753 est,
1070 1671 1128 1754 qui
1149 1693 1230 1756 nequ

163 1760 258 1821 vatus
280 1757 315 1820 in
338 1757 518 1840 periculum
536 1756 583 1819 rei
605 1755 753 1838 publicae
777 1778 880 1840 neque
899 1757 1088 1824 interfectus
1107 1760 1142 1824 in
1161 1782 1230 1824 exer

165 1845 235 1909 ibit.
273 1846 382 1910 studia
404 1845 461 1929 illi,
483 1848 521 1908 ut
537 1844 635 1927 plena
657 1845 855 1928 vaecordiae,
877 1845 925 1909 ita
947 1846 1060 1911 inania
1087 1851 1121 1912 et
1142 1847 1227 1913 fluxa

164 1955 225 1998 nec
248 1935 418 2018 quicquam
442 1954 540 2018 grave
565 1954 602 1997 ac
625 1932 744 1997 serium
763 1955 802 1998 ex
825 1956 864 1999 eo
887 1937 1024 2019 metuas,
1046 1937 1103 2019 qui
1120 1959 1230 2002 suorur

120 2039 155 2088 15
165 2023 364 2107 flagitiorum
396 2023 543 2106 proditor
573 2042 640 2085 non
666 2021 810 2087 virorum
841 2023 959 2088 animis
992 2024 1048 2088 sed
1079 2025 1230 2090 mulierou

166 2110 299 2194 adrepit.
343 2111 436 2175 cedat
467 2113 578 2174 tamen
614 2109 693 2174 urbe
730 2114 763 2174 et
798 2111 893 2176 bonis
925 2112 1055 2177 amissis
1084 2134 1171 2198 aqua
1205 2117 1230 2177 et

166 2203 325 2263 arceatur:
351 2198 436 2283 quod
459 2198 591 2281 perinde
611 2219 725 2264 censeo
750 2221 788 2264 ac
813 2199 841 2264 si
863 2200 935 2285 lege
953 2201 1137 2267 maiestatis
1155 2205 1230 2268 tene:

110 2287 153 2352 51
255 2285 348 2351 Solus
372 2287 494 2370 Lepido
523 2285 691 2351 Rubellius
715 2286 860 2352 Blandus
889 2310 906 2352 e
929 2289 1153 2356 consularibus
1182 2289 1230 2355 adr

167 2376 264 2439 ceteri
288 2376 481 2439 sententiam
500 2373 665 2458 Agrippae
685 2377 796 2459 secuti,
818 2377 996 2462 ductusque
1018 2377 1054 2442 in
1077 2400 1230 2444 carcerem

167 2485 222 2528 cus
247 2486 284 2529 ac
308 2465 419 2528 statim
443 2464 654 2528 exanimatus.
686 2465 719 2529 id
743 2464 891 2530 Tiberius
920 2466 1025 2531 solitis
1055 2467 1119 2532 sibi
1148 2469 1230 2538 ambr

163 2552 249 2635 apud
287 2556 435 2617 senatum
471 2551 645 2635 incusavit,
683 2575 756 2617 cum
793 2555 963 2619 extolleret
998 2555 1157 2639 pietatem
1192 2578 1230 2640 qu

128 2641 307 2706 tmodicas
339 2641 496 2725 principis
526 2640 661 2705 iniurias
696 2642 813 2707 acriter
845 2643 1083 2727 ulciscentium,
1113 2643 1228 2729 depree

163 2733 232 2794 tam
265 2731 451 2815 praecipitis
488 2729 660 2793 verborum
692 2752 827 2815 poenas,
857 2731 1005 2796 laudaret
1031 2731 1209 2816 Lepidum,

164 2817 346 2906 Agrippam
360 2823 518 2906 argueret.
536 2818 639 2902 igitur
652 2819 773 2883 factum
793 2822 923 2884 senatus
941 2821 1135 2906 consultum,
1152 2843 1194 2886 ne
1212 2822 1230 2885 d

161 2913 293 2993 patrum
311 2913 387 2974 ante
405 2909 491 2974 diem
509 2908 659 2973 damam
677 2907 718 2972 ad
737 2908 898 2972 aerarium
917 2907 1120 2975 deferrentur
1137 2910 1230 2994 idque

197 3127 222 3175 6.
260 3121 467 3189 vaniloquentia
494 3136 547 3171 nur
573 3117 636 3172 hier
668 3116 725 3170 und
817 3117 991 3186 1⁵1.me
1004 3118 1084 3173 acri.
1106 3118 1191 3174 Naeh
1209 3119 1230 3173 d

161 3195 185 3256 6,
205 3196 253 3255 313
276 3190 437 3244 ausserdem
460 3187 508 3244 bei
526 3188 642 3242 Plautus
666 3188 725 3241 und
779 3189 852 3242 setae
875 3188 1001 3242 konnten
1023 3188 1230 3246 Ma‘estatsverl

159 3258 266 3324 Livius,
284 3259 470 3314 unlrlassisch.
778 3276 830 3312 nur
857 3275 948 3329 gegen
976 3258 1031 3314 den
1102 3258 1157 3315 'er
1182 3262 1230 3315 uu<¹

197 3336 220 3383 9.
243 3329 379 3384 Haterius
400 3330 511 3384 stimmt
525 3329 625 3395 ruerat,
644 3329 680 3382 da
695 3345 725 3382 er
778 3329 884 3384 Mutter
908 3329 1057 3400 begangen
1078 3330 1207 3400 uverden3

160 3399 331 3470 designirter
356 3399 461 3454 Consul
484 3399 530 3455 ist.
563 3398 628 3468 Vgl.
654 3399 725 3453 iiber
778 3406 814 3454 34
830 3401 877 3454 sed
895 3402 1059 3470 aaqaebaec
1072 3401 1106 3456 ia
1118 3403 1230 3472 Μοισίᾳ

162 3472 258 3526 seinen
277 3470 435 3526 Charakter
453 3488 487 3523 zu
507 3476 531 3537 1,
551 3476 593 3524 77.
773 3471 916 3540 principis
938 3476 1096 3541 parentem,
1123 3489 1193 3544 quos
1218 3475 1230 3527 l

196 3543 245 3597 50.
280 3549 302 3597 1.
337 3543 390 3596 Μ’.
411 3541 535 3609 Lepidus
552 3540 591 3594 ist
609 3541 658 3595 der
677 3540 720 3596 oft
769 3542 879 3608 jestatis
898 3542 1078 3610 amplectitur.
1101 3542 1156 3598 Die
1172 3544 1230 3599 Stra

161 3614 306 3669 erwahnts
325 3611 531 3668 einfiussreiche
549 3611 671 3666 Rednen
773 3613 963 3682 Verbannung
976 3613 1034 3667 und
1045 3612 1230 3670 Confisaation

196 3691 221 3739 3.
241 3702 340 3740 carcer,
359 3685 458 3740 Neben
473 3683 537 3736 dem
547 3682 659 3752 Forum,
673 3699 719 3736 am
773 3700 839 3737 man
862 3683 932 3753 ging
954 3684 1027 3738 auch
1050 3684 1137 3741 achon
1160 3685 1230 3740 weit

157 3755 245 3810 Fusae
264 3756 312 3811 des
332 3755 458 3826 Capitols
477 3754 526 3823 lag
544 3754 594 3808 das
613 3752 720 3807 Staats-
774 3755 909 3809 erkannte
925 3754 976 3808 auf
988 3753 1183 3825 Todesstrafe,
1202 3776 1228 3812 vv

159 3825 329 3896 galaugniss.
359 3828 411 3882 Die
431 3825 522 3881 strare
542 3824 592 3879 der
605 3824 719 3878 Erdros-
776 3828 819 3880 ter
837 3843 886 3879 zur
904 3824 993 3894 Regel
1010 3825 1097 3880 ward.

158 3895 265 3965 selung,
281 3897 326 3951 die
337 3900 419 3953 unter
429 3897 484 3951 den
493 3895 612 3951 Kaisern
620 3895 721 3949 immer
808 3896 858 3951 51.
896 3901 920 3951 1.
958 3895 1051 3952 Ueber
1077 3894 1226 3953 Rubellius

157 3965 284 4035 hbufiger
302 3967 387 4035 vvird,
410 3969 522 4023 lrommt
544 3967 586 4021 als
611 3965 718 4020 Selten-
773 3985 815 4037 cp.
836 3973 879 4021 23.

157 4037 218 4091 lusit
231 4037 303 4091 auch
312 4055 362 4091 zur
375 4039 437 4093 Zeit
447 4039 496 4093 der
509 4037 718 4108 Republilrvor,
808 4044 832 4093 8.
870 4037 909 4092 ad
927 4038 1075 4092 aerariam.
1107 4037 1164 4093 Am
1182 4037 1230 4093 Fur

156 4126 180 4163 z.
195 4107 227 4163 B.
247 4107 286 4160 im
304 4107 330 4162 J.
350 4114 383 4162 63
399 4126 435 4163 an
450 4109 503 4164 den
514 4106 717 4163 Catilinariern.
773 4108 898 4178 Capitols
916 4108 1006 4163 neben
1025 4108 1089 4164 dem
1103 4107 1211 4165 Forum
1224 4111 1230 4164 l

194 4184 236 4232 12.
273 4179 305 4232 ia
336 4181 486 4248 exceptam
517 4182 559 4234 ire
586 4178 625 4232 ist
657 4177 718 4232 eine
771 4179 918 4234 mittelbar
936 4179 1030 4234 hinter
1048 4179 1113 4234 dem
1128 4178 1230 4237 aarum

156 4247 384 4305 nachlrlassisohe
402 4249 515 4305 Phrase.
772 4251 821 4320 pel
835 4250 885 4305 das
895 4250 983 4304 Aerar
996 4249 1050 4305 mit
1063 4249 1129 4305 dem
1143 4248 1230 4308 Btaat

195 4328 236 4376 16.
257 4337 332 4390 aqua
349 4326 374 4375 et
392 4322 453 4390 ipat
471 4325 607 4375 arceatur.
626 4319 719 4374 Ueber
772 4322 972 4390 (tabularium).
1014 4319 1080 4376 Erat
1107 4324 1230 4377 wennd

157 4392 234 4448 disse
252 4408 322 4448 neue
341 4391 492 4461 Wendung
517 4409 539 4452 s,
561 4410 595 4446 zu
613 4409 655 4461 cp.
675 4395 718 4446 23.
772 4391 995 4447 natsbeschlfisse
1038 4390 1100 4447 hier
1141 4392 1230 4449 niede:
