2722 4762
395 220 504 274 LIBER
521 220 594 273 Xlll.
619 219 696 274 CAP.
716 226 794 275 6-9.
1136 213 1178 277 81

98 398 114 452 2,
138 373 265 454 praeter
288 375 410 435 suetam
434 371 652 435 adulationem
675 371 764 453 laeti,
791 370 877 455 quod
899 369 1079 436 Domitium
1101 367 1213 437 Cor-5

98 481 163 523 rem
184 460 369 523 retinendae
391 458 564 523 Armeniae
586 463 815 543 praeposuerat
837 459 1065 545 videbaturque
1087 461 1178 526 locus

98 547 182 612 tibus
206 548 395 631 patefactus.
440 548 550 631 copiae
578 548 709 612 orientis
736 548 783 611 ita
812 548 1009 629 dividuntur,
1039 552 1076 611 ut
1102 571 1178 632 pars

98 636 213 700 iarium
236 659 309 701 cum
333 637 456 700 duabus
479 637 661 720 legionibus
681 637 765 721 apud
783 637 981 719 provinciam
1000 634 1126 701 Suriam
1146 642 1179 701 et

98 748 154 789 um
186 725 253 788 eius
287 725 485 801 Quadratum
517 724 716 789 Ummidium
747 728 939 807 remaneret,
970 748 1029 808 par
1061 726 1178 789 civium

98 835 232 899 rumque
255 836 407 878 numerus
431 812 607 878 Corbuloni
630 816 728 896 esset,
756 813 873 878 additis
896 813 1081 878 cohortibus
1105 815 1177 879 alis-
1197 828 1232 877 lo

108 924 188 986 quae
211 904 247 966 io
270 899 474 986 Cappadocia
495 902 692 966 hiemabant.
739 901 818 966 socii
839 922 944 986 reges,
973 906 1070 985 prout
1093 903 1176 968 bello

98 995 218 1074 uceret,
254 1014 364 1074 parere
396 992 490 1054 iussi:
529 992 584 1055 sed
616 991 722 1054 studia
753 1012 864 1054 eorum
895 991 930 1054 in
962 988 1178 1056 Corbulonem

98 1080 210 1162 ptiora
232 1084 331 1142 erant.
368 1080 422 1164 qui
445 1084 482 1142 ot
504 1081 634 1144 instaret
650 1080 769 1162 famae,
792 1100 874 1163 quae
892 1080 927 1142 in
945 1080 1037 1146 novis
1056 1081 1177 1163 coeptis

98 1168 211 1231 issima
234 1174 292 1250 cst,
315 1169 429 1232 itinere
448 1191 582 1251 propere
601 1168 747 1232 confecto
766 1167 851 1251 apud
868 1167 994 1253 Aegeas
1013 1169 1177 1233 civitatem

98 1256 144 1319 iae
165 1256 293 1320 obvium
313 1256 511 1332 Quadratum
529 1256 656 1339 habuit,
679 1257 754 1320 illuc
772 1278 991 1341 progressum,
1013 1279 1068 1341 ne,
1092 1258 1119 1321 si
1137 1258 1176 1321 ad
1197 1272 1231 1321 15

101 1345 212 1408 iendas
236 1345 345 1428 copias
370 1343 496 1409 Suriam
519 1346 705 1409 intravisset
724 1342 876 1428 CorbuIO,
900 1346 1042 1410 omnium
1066 1368 1123 1410 ora
1145 1347 1180 1409 in

98 1438 207 1497 erteret
225 1456 358 1517 corpore
376 1435 504 1518 ingens,
528 1433 634 1497 verbis
654 1434 832 1518 magnificis
852 1438 884 1497 et
902 1456 999 1518 super
1017 1435 1180 1519 experien-

114 1523 369 1607 sapientiamque
392 1524 490 1587 etiarn
515 1523 618 1607 specie
642 1523 787 1586 inanium
810 1523 945 1586 validus.

100 1608 250 1674 Ceterum
273 1616 405 1695 uterque
428 1611 468 1674 ad
491 1610 686 1695 Vologesem
714 1632 822 1696 regem
850 1612 973 1675 nuntiis
996 1606 1209 1695 mouebant,9

98 1722 122 1762 11
145 1721 242 1783 quam
265 1700 385 1764 bellum
408 1700 520 1763 mallet
543 1699 689 1783 datisque
718 1699 883 1763 obsidibus
912 1700 1042 1764 solitam
1064 1701 1179 1784 priori-

98 1788 309 1851 reverentiam
332 1790 367 1851 in
389 1789 545 1872 populum
568 1787 750 1851 Romanum
774 1788 984 1852 continuaret.
1025 1792 1059 1851 et
1080 1787 1179 1853 Volo-

98 1901 116 1959 ι,
149 1899 211 1961 quo
240 1876 360 1939 bellum
388 1899 427 1939 ex
455 1876 622 1941 commodo
650 1880 789 1960 pararet,
820 1898 861 1938 an
889 1880 926 1939 ut
953 1876 1179 1941 aemulationis

98 1969 180 2029 cetos
208 1987 278 2049 per,
291 1987 409 2029 nomen
441 1966 589 2030 obsidum
623 1968 797 2048 amoveret,
829 1965 929 2029 tradit
960 1965 1215 2031 nobilissimoso

98 2054 198 2118 rmilia
219 2053 456 2117 Arsacidarum.
502 2054 685 2138 accepitque
716 2076 770 2117 eos
798 2053 942 2119 centurio
969 2053 1109 2117 Insteius
1138 2054 1178 2118 ab

97 2143 175 2206 ridio
199 2143 329 2225 missus,
353 2143 436 2206 forte
459 2143 564 2225 priore
583 2143 622 2206 de
640 2165 737 2207 causa
756 2143 843 2206 adito
862 2163 947 2227 rege.
984 2142 1069 2227 quod
1091 2146 1180 2226 post-

97 2254 109 2295 1
129 2228 306 2294 Corbuloni
330 2232 495 2315 cognitum
519 2235 580 2313 est,
603 2231 649 2294 ire
672 2231 869 2315 praefectum
888 2230 1031 2296 cohortis
1049 2231 1180 2295 Arrium

98 2343 136 2382 rn
165 2324 196 2383 et
225 2321 401 2402 reciperare
433 2320 560 2385 obsides
590 2320 688 2383 iubet.
734 2320 810 2383 hinc
840 2322 946 2384 ortum
976 2320 1061 2383 inter
1090 2342 1179 2403 prae-

98 2431 131 2471 m
156 2412 188 2471 et
211 2409 430 2472 centurionem
453 2409 594 2492 iurgium
622 2431 663 2471 ne
689 2408 810 2472 diutius
834 2409 973 2472 externis
997 2409 1179 2492 spectaculo
1199 2425 1237 2473 lo

100 2547 109 2579 ,
143 2497 312 2560 arbitrium
343 2499 389 2560 rei
418 2497 584 2560 obsidibus
618 2497 811 2581 legatisque,
843 2498 898 2581 qui
928 2519 982 2561 eos
1013 2496 1180 2579 ducebant,

98 2586 214 2648 issum.
251 2589 346 2669 atque
370 2586 418 2649 illi
441 2589 601 2649 recentem
625 2586 740 2669 gloria,
764 2590 797 2648 et
814 2586 1022 2649 inclinatione
1041 2586 1180 2669 quadam

100 2696 110 2735 1
139 2674 295 2757 hostium,
324 2672 540 2737 Corbulonem
567 2675 754 2757 praetulere.
798 2674 882 2737 unde
910 2674 1069 2738 discordia
1095 2675 1180 2737 inter

98 2786 121 2844 3,
149 2767 300 2845 querente
325 2762 488 2826 Ummidio
512 2767 683 2846 praerepta
710 2783 791 2845 quae
815 2762 881 2825 suis
905 2762 1049 2825 consiliis
1072 2766 1180 2845 patra-

99 2990 219 3044 Corbulo
243 2991 322 3043 hatto
346 2990 415 3042 sich.
427 2990 467 3042 im
490 2988 515 3041 J.
534 2996 567 3042 47
624 2989 694 3042 auch
714 2995 738 3056 3,
758 2994 799 3040 29.
820 2994 866 3052 603
886 2990 942 3041 erst
955 2988 1008 3042 seit
1025 2987 1118 3041 Livius
1132 3004 1180 3057 ge-

98 3060 281 3113 tefehlslraber
313 3078 358 3114 am
385 3060 569 3114 Niederrhein
623 3058 793 3112 brauchlich.

123 3132 197 3184 seinc
217 3131 333 3201 Stronge
359 3131 416 3184 und
435 3130 569 3200 Tr'ichtig-
660 3131 911 3184 samaritarum.
940 3129 1179 3199 Vg1.zu2,1.—

98 3202 311 3270 rusgezeichnet,
332 3209 373 3269 11,
394 3208 505 3256 18-20.
623 3201 741 3269 Instejus
750 3199 850 3269 Capito
859 3201 930 3254 wird
938 3217 979 3270 cp.
989 3207 1022 3255 39
1031 3200 1180 3270 alchger-

98 3274 184 3326 Ueber
204 3272 360 3337 Quadratus
379 3292 399 3325 s.
417 3292 450 3325 zu
466 3280 507 3340 12,
527 3279 569 3325 45.
624 3272 734 3340 prafect
752 3272 799 3325 des
819 3271 938 3326 Corbulo
958 3273 1092 3326 erwahnt.

121 3360 316 3429 Cappadocien
344 3379 401 3414 war
424 3361 464 3414 im
487 3361 512 3414 J.
536 3368 568 3413 51
660 3350 684 3396 3·
714 3343 807 3396 Arrius
831 3343 920 3397 larus
942 3345 1021 3397 steht
1044 3343 1084 3395 lm
1103 3343 1127 3395 J,
1147 3350 1181 3397 ⁶9

98 3432 155 3485 rem
177 3433 270 3501 regen
290 3432 456 3486 Procurator
480 3432 570 3485 ,Julius
624 3413 675 3466 auf
704 3413 800 3467 senen
831 3414 879 3468 des
912 3413 1079 3501 resparsa,
1111 3413 1182 3466 wau

98 3521 145 3555 nus
170 3503 208 3555 im
232 3503 311 3556 Stich
336 3504 474 3572 gelassen,
504 3504 571 3557 aber
624 3484 824 3538 Befehlshaber
852 3486 900 3539 dor
922 3485 1099 3538 Pratorraner
1123 3484 1181 3536 und

98 3594 107 3626 r
132 3575 207 3627 wohl
232 3574 335 3627 wieder
361 3591 416 3627 von
440 3575 493 3627 den
517 3575 570 3627 Ro-
623 3554 782 3623 praefectus
800 3573 934 3637 almffllat·
1008 3625 1013 3635 ,

109 3646 223 3698 besem,
661 3633 702 3679 1¹2.
729 3633 760 3680 et.
784 3626 847 3680 W1e
862 3627 975 3679 l'acrtus
990 3642 1033 3678 em
1048 3624 1180 3678 Substan—

111 3733 222 3803 Aegeae
238 3734 304 3787 oder
318 3735 421 3802 Aegae,
437 3733 498 3786 eine
513 3734 570 3785 alto
624 3697 666 3749 liv
691 3697 743 3778 ΠΨ
768 3697 871 3778 θῘῙῖΘΠῙ.
882 3696 1133 3819 Caigsallafflz⁰·,i⁰l³'
1153 3700 1180 3763 8)

98 3805 185 3858 rische
211 3804 336 3871 Colonia,
366 3805 413 3872 lag
437 3822 483 3857 am
506 3802 574 3857 Golf
624 3768 1180 3907 {lgffiffeeffigffigfififfimmzsfflffiffi

98 3894 165 3929 Slus·
450 3964 455 3973 ,
625 3915 648 3974 5.
670 3916 732 3975 120,
751 3911 779 3976 b)
799 3907 962 3975 coordinirt,
988 3926 1017 3962 so
1035 3908 1182 3962 verbindet

110 3981 191 4031 ΜΡΝ
206 3967 275 4048 diali
288 3970 404 4031 lll'stelffl'r
421 3982 473 4044 WJss
490 3972 513 4044 {a
523 3970 569 4044 ‚5st
625 3998 655 4033 er
668 3980 729 4033 hier
743 3980 797 4033 den
810 3979 959 4032 Accusativ
973 3980 1026 4033 ruit
1040 3980 1104 4032 dem
1118 3997 1182 4034 cau-

98 4042 128 4088 17
144 4035 201 4087 und
220 4036 274 4101 etz
294 4035 389 4103 haufie
407 4035 454 4088 be
468 4035 569 4087 hun·
625 4052 701 4104 sareu
720 4050 843 4104 Aurata.
871 4050 975 4104 srande
989 4050 1034 4103 aa
1047 4050 1101 4104 een
1114 4051 1181 4104 reu-

109 4125 209 4176 iconie
229 4123 289 4176 sind
309 4129 418 4176 {iussere
435 4122 570 4191 Vorzr‘ige,
624 4125 704 4175 teren
731 4128 755 4174 et
783 4124 848 4190 quio
877 4122 944 4175 oder
972 4121 1016 4175 ein
1042 4122 1181 4176 absolutes

97 4195 120 4248 're
135 4195 234 4247 vorhin
249 4195 375 4247 erwithnt
389 4194 507 4247 werdon.
624 4192 762 4260 Particip‚
781 4210 811 4246 so
829 4198 904 4246 wilre
923 4194 972 4246 das
987 4193 1051 4246 dem
1065 4192 1181 4261 Sprach-

625 4263 783 4333 gebrauehe
799 4264 847 4317 des
861 4263 1016 4318 Veffassers
1031 4264 1109 4316 mehr
1123 4264 1184 4315 ent-

98 4341 123 4387 ι’1.
142 4341 280 4402 suspectae
299 4335 352 4388 mit
370 4336 434 4388 dem
453 4334 571 4389 Genetiv
626 4334 787 4403 spreohend.

98 4446 120 4473 c.
135 4434 217 4474 Annol
237 4435 267 4473 11.
296 4435 314 4473 a
325 4433 384 4473 Aua.
953 4432 969 4477 ὕ
