<?xml version="1.0" encoding="UTF-8"?>
<!DOCTYPE html PUBLIC "-//W3C//DTD XHTML 1.0 Transitional//EN"
    "http://www.w3.org/TR/xhtml1/DTD/xhtml1-transitional.dtd">
<html xmlns="http://www.w3.org/1999/xhtml" xml:lang="en" lang="en">
 <head>
  <title>
</title>
<meta http-equiv="Content-Type" content="text/html;charset=utf-8" />
  <meta name='ocr-system' content='tesseract 3.04.00' />
  <meta name='ocr-capabilities' content='ocr_page ocr_carea ocr_par ocr_line ocrx_word'/>
</head>
<body>
  <div class='ocr_page' id='page_1' title='image "./dieannalendesta00tacigoog_0100.png"; bbox 0 0 2722 4762; ppageno 0'>
   <div class='ocr_carea' id='block_1_1' title="bbox 363 249 1149 314">
    <p class='ocr_par' dir='ltr' id='par_1_1' title="bbox 363 249 1149 314">
     <span class='ocr_line' id='line_1_1' title="bbox 363 249 1149 314; baseline -0.003 -7"><span class='ocrx_word' id='word_1_1' title='bbox 363 252 472 307; x_wconf 81' lang='lat' dir='ltr'>LIBER</span> <span class='ocrx_word' id='word_1_2' title='bbox 491 253 512 311; x_wconf 92' lang='grc' dir='ltr'>Ι.</span> <span class='ocrx_word' id='word_1_3' title='bbox 549 251 628 309; x_wconf 79' lang='lat' dir='ltr'>CAP.</span> <span class='ocrx_word' id='word_1_4' title='bbox 648 257 762 308; x_wconf 79' lang='lat'>63—65.</span> <span class='ocrx_word' id='word_1_5' title='bbox 1106 249 1149 314; x_wconf 87' lang='grc'>83</span> 
     </span>
    </p>
   </div>
   <div class='ocr_carea' id='block_1_2' title="bbox 97 413 1205 2361">
    <p class='ocr_par' dir='ltr' id='par_1_2' title="bbox 97 413 1205 2361">
     <span class='ocr_line' id='line_1_2' title="bbox 100 413 1150 499; baseline 0.001 -21"><span class='ocrx_word' id='word_1_6' title='bbox 100 414 332 499; x_wconf 89' lang='lat' dir='ltr'>ellantiumque</span> <span class='ocrx_word' id='word_1_7' title='bbox 352 417 483 498; x_wconf 86' lang='lat' dir='ltr'>elamor,</span> <span class='ocrx_word' id='word_1_8' title='bbox 506 418 539 478; x_wconf 88' lang='lat' dir='ltr'>et</span> <span class='ocrx_word' id='word_1_9' title='bbox 558 418 674 480; x_wconf 85' lang='lat' dir='ltr'>cuneta</span> <span class='ocrx_word' id='word_1_10' title='bbox 692 413 814 497; x_wconf 89' lang='lat' dir='ltr'>pariter</span> <span class='ocrx_word' id='word_1_11' title='bbox 831 413 987 479; x_wconf 87' lang='lat' dir='ltr'>Romanis</span> <span class='ocrx_word' id='word_1_12' title='bbox 1007 414 1150 499; x_wconf 85' lang='lat' dir='ltr'>adversa,</span> 
     </span>
     <span class='ocr_line' id='line_1_3' title="bbox 98 502 1149 589; baseline -0.001 -21"><span class='ocrx_word' id='word_1_13' title='bbox 98 503 212 588; x_wconf 75' lang='lat' dir='ltr'>aligine</span> <span class='ocrx_word' id='word_1_14' title='bbox 235 504 405 589; x_wconf 91' lang='lat' dir='ltr'>profunda,</span> <span class='ocrx_word' id='word_1_15' title='bbox 427 504 513 568; x_wconf 91' lang='lat' dir='ltr'>idem</span> <span class='ocrx_word' id='word_1_16' title='bbox 536 503 577 568; x_wconf 91' lang='lat' dir='ltr'>ad</span> <span class='ocrx_word' id='word_1_17' title='bbox 600 502 736 589; x_wconf 87' lang='lat' dir='ltr'>gradum</span> <span class='ocrx_word' id='word_1_18' title='bbox 755 502 925 582; x_wconf 87' lang='lat' dir='ltr'>instabilis,</span> <span class='ocrx_word' id='word_1_19' title='bbox 949 503 1149 587; x_wconf 79' lang='lat' dir='ltr'>procedenti·</span> 
     </span>
     <span class='ocr_line' id='line_1_4' title="bbox 98 591 1184 678; baseline 0.002 -23"><span class='ocrx_word' id='word_1_20' title='bbox 98 592 215 676; x_wconf 84' lang='lat' dir='ltr'>briona,</span> <span class='ocrx_word' id='word_1_21' title='bbox 238 614 374 676; x_wconf 84' lang='lat' dir='ltr'>corpora</span> <span class='ocrx_word' id='word_1_22' title='bbox 397 592 510 678; x_wconf 81' lang='lat' dir='ltr'>gravia</span> <span class='ocrx_word' id='word_1_23' title='bbox 539 591 663 678; x_wconf 72' lang='lat' dir='ltr'>loricis,</span> <span class='ocrx_word' id='word_1_24' title='bbox 692 613 796 677; x_wconf 90' lang='lat' dir='ltr'>neque</span> <span class='ocrx_word' id='word_1_25' title='bbox 824 592 943 656; x_wconf 84' lang='lat' dir='ltr'>librare</span> <span class='ocrx_word' id='word_1_26' title='bbox 971 593 1038 675; x_wconf 89' lang='lat' dir='ltr'>pila</span> <span class='ocrx_word' id='word_1_27' title='bbox 1064 593 1184 657; x_wconf 74' lang='lat' dir='ltr'>intera</span> 
     </span>
     <span class='ocr_line' id='line_1_5' title="bbox 101 678 1150 766; baseline 0.002 -22"><span class='ocrx_word' id='word_1_28' title='bbox 101 684 261 765; x_wconf 90' lang='lat' dir='ltr'>poterant.</span> <span class='ocrx_word' id='word_1_29' title='bbox 299 685 413 747; x_wconf 88' lang='lat' dir='ltr'>eontra</span> <span class='ocrx_word' id='word_1_30' title='bbox 436 678 609 746; x_wconf 80' lang='lat' dir='ltr'><strong>Cheruscis</strong></span> <span class='ocrx_word' id='word_1_31' title='bbox 633 683 724 745; x_wconf 88' lang='lat' dir='ltr'>sueta</span> <span class='ocrx_word' id='word_1_32' title='bbox 753 680 839 764; x_wconf 89' lang='lat' dir='ltr'>apud</span> <span class='ocrx_word' id='word_1_33' title='bbox 860 680 995 764; x_wconf 90' lang='lat' dir='ltr'>paludes</span> <span class='ocrx_word' id='word_1_34' title='bbox 1017 681 1150 766; x_wconf 89' lang='lat' dir='ltr'>proelia,</span> 
     </span>
     <span class='ocr_line' id='line_1_6' title="bbox 98 768 1150 854; baseline 0.002 -22"><span class='ocrx_word' id='word_1_35' title='bbox 98 792 110 832; x_wconf 80' lang='lat' dir='ltr'>r</span> <span class='ocrx_word' id='word_1_36' title='bbox 128 771 282 854; x_wconf 90' lang='lat' dir='ltr'>membra,</span> <span class='ocrx_word' id='word_1_37' title='bbox 305 769 419 835; x_wconf 90' lang='lat' dir='ltr'>hastae</span> <span class='ocrx_word' id='word_1_38' title='bbox 442 771 592 854; x_wconf 90' lang='lat' dir='ltr'>ingentes</span> <span class='ocrx_word' id='word_1_39' title='bbox 616 769 657 833; x_wconf 94' lang='lat' dir='ltr'>ad</span> <span class='ocrx_word' id='word_1_40' title='bbox 680 770 815 834; x_wconf 88' lang='lat' dir='ltr'>vulnera</span> <span class='ocrx_word' id='word_1_41' title='bbox 833 768 982 833; x_wconf 87' lang='lat' dir='ltr'>facienda</span> <span class='ocrx_word' id='word_1_42' title='bbox 1000 769 1150 853; x_wconf 88' lang='lat' dir='ltr'>quamvis</span> 
     </span>
     <span class='ocr_line' id='line_1_7' title="bbox 134 857 1150 943; baseline 0 -21"><span class='ocrx_word' id='word_1_43' title='bbox 134 880 200 923; x_wconf 84' lang='lat' dir='ltr'>nox</span> <span class='ocrx_word' id='word_1_44' title='bbox 223 859 353 923; x_wconf 90' lang='lat' dir='ltr'>demum</span> <span class='ocrx_word' id='word_1_45' title='bbox 374 858 563 923; x_wconf 84' lang='lat' dir='ltr'>inclinantis</span> <span class='ocrx_word' id='word_1_46' title='bbox 586 859 652 922; x_wconf 92' lang='lat' dir='ltr'>iam</span> <span class='ocrx_word' id='word_1_47' title='bbox 674 858 820 942; x_wconf 82' lang='lat' dir='ltr'>legiones</span> <span class='ocrx_word' id='word_1_48' title='bbox 843 857 997 923; x_wconf 82' lang='lat' dir='ltr'>adversae</span> <span class='ocrx_word' id='word_1_49' title='bbox 1020 879 1150 943; x_wconf 80' lang='lat' dir='ltr'>pugnae</span> 
     </span>
     <span class='ocr_line' id='line_1_8' title="bbox 98 946 1150 1032; baseline -0.001 -20"><span class='ocrx_word' id='word_1_50' title='bbox 98 997 102 1012; x_wconf 93' lang='lat'>.</span> <span class='ocrx_word' id='word_1_51' title='bbox 139 946 293 1012; x_wconf 81' lang='lat' dir='ltr'>Germani</span> <span class='ocrx_word' id='word_1_52' title='bbox 312 947 353 1013; x_wconf 93' lang='lat' dir='ltr'>ob</span> <span class='ocrx_word' id='word_1_53' title='bbox 373 969 529 1031; x_wconf 88' lang='lat' dir='ltr'>prospera</span> <span class='ocrx_word' id='word_1_54' title='bbox 547 946 709 1032; x_wconf 84' lang='lat' dir='ltr'>indefessi,</span> <span class='ocrx_word' id='word_1_55' title='bbox 727 969 768 1011; x_wconf 93' lang='lat' dir='ltr'>ne</span> <span class='ocrx_word' id='word_1_56' title='bbox 787 950 857 1011; x_wconf 89' lang='lat' dir='ltr'>tum</span> <span class='ocrx_word' id='word_1_57' title='bbox 877 947 1005 1032; x_wconf 86' lang='lat' dir='ltr'>quidem</span> <span class='ocrx_word' id='word_1_58' title='bbox 1020 951 1150 1031; x_wconf 88' lang='lat' dir='ltr'>sumpta</span> 
     </span>
     <span class='ocr_line' id='line_1_9' title="bbox 116 1034 1195 1121; baseline 0.002 -22"><span class='ocrx_word' id='word_1_59' title='bbox 116 1034 273 1119; x_wconf 89' lang='lat' dir='ltr'>quantum</span> <span class='ocrx_word' id='word_1_60' title='bbox 297 1058 453 1121; x_wconf 87' lang='lat' dir='ltr'>aquarum</span> <span class='ocrx_word' id='word_1_61' title='bbox 477 1036 598 1101; x_wconf 88' lang='lat' dir='ltr'>eiroum</span> <span class='ocrx_word' id='word_1_62' title='bbox 622 1035 829 1120; x_wconf 79' lang='lat' dir='ltr'>surgentibus</span> <span class='ocrx_word' id='word_1_63' title='bbox 849 1036 933 1120; x_wconf 90' lang='lat' dir='ltr'>iugis</span> <span class='ocrx_word' id='word_1_64' title='bbox 958 1036 1060 1099; x_wconf 89' lang='lat' dir='ltr'>oritur</span> <span class='ocrx_word' id='word_1_65' title='bbox 1082 1054 1195 1102; x_wconf 87' lang='lat' dir='ltr'>ver-10</span> 
     </span>
     <span class='ocr_line' id='line_1_10' title="bbox 98 1123 1150 1209; baseline 0 -21"><span class='ocrx_word' id='word_1_66' title='bbox 98 1147 116 1188; x_wconf 92' lang='lat' dir='ltr'>n</span> <span class='ocrx_word' id='word_1_67' title='bbox 154 1125 312 1208; x_wconf 79' lang='lat' dir='ltr'>subiecta,</span> <span class='ocrx_word' id='word_1_68' title='bbox 344 1146 513 1209; x_wconf 91' lang='lat' dir='ltr'>mersaque</span> <span class='ocrx_word' id='word_1_69' title='bbox 545 1124 644 1188; x_wconf 93' lang='lat' dir='ltr'>humo</span> <span class='ocrx_word' id='word_1_70' title='bbox 678 1127 710 1188; x_wconf 92' lang='lat' dir='ltr'>et</span> <span class='ocrx_word' id='word_1_71' title='bbox 743 1124 858 1189; x_wconf 88' lang='lat' dir='ltr'>obruto</span> <span class='ocrx_word' id='word_1_72' title='bbox 893 1124 978 1208; x_wconf 90' lang='lat' dir='ltr'>quod</span> <span class='ocrx_word' id='word_1_73' title='bbox 1001 1123 1150 1188; x_wconf 83' lang='lat' dir='ltr'>effectum</span> 
     </span>
     <span class='ocr_line' id='line_1_11' title="bbox 103 1212 1151 1298; baseline 0 -21"><span class='ocrx_word' id='word_1_74' title='bbox 103 1212 289 1296; x_wconf 86' lang='lat' dir='ltr'>duplicatus</span> <span class='ocrx_word' id='word_1_75' title='bbox 308 1213 405 1277; x_wconf 88' lang='lat' dir='ltr'>militi</span> <span class='ocrx_word' id='word_1_76' title='bbox 428 1214 530 1278; x_wconf 91' lang='lat' dir='ltr'>labor.</span> <span class='ocrx_word' id='word_1_77' title='bbox 567 1213 874 1298; x_wconf 80' lang='lat' dir='ltr'>quadragensimum</span> <span class='ocrx_word' id='word_1_78' title='bbox 896 1212 929 1276; x_wconf 87' lang='lat' dir='ltr'>id</span> <span class='ocrx_word' id='word_1_79' title='bbox 953 1212 1151 1296; x_wconf 77' lang='lat' dir='ltr'>stipendium</span> 
     </span>
     <span class='ocr_line' id='line_1_12' title="bbox 98 1301 1151 1385; baseline 0 -20"><span class='ocrx_word' id='word_1_80' title='bbox 98 1324 116 1365; x_wconf 91' lang='lat' dir='ltr'>a</span> <span class='ocrx_word' id='word_1_81' title='bbox 151 1301 286 1384; x_wconf 88' lang='lat' dir='ltr'>parendi</span> <span class='ocrx_word' id='word_1_82' title='bbox 324 1307 382 1366; x_wconf 91' lang='lat' dir='ltr'>aut</span> <span class='ocrx_word' id='word_1_83' title='bbox 413 1302 620 1385; x_wconf 88' lang='lat' dir='ltr'>imperitandi</span> <span class='ocrx_word' id='word_1_84' title='bbox 652 1301 807 1385; x_wconf 90' lang='lat' dir='ltr'>habebat,</span> <span class='ocrx_word' id='word_1_85' title='bbox 840 1302 1052 1366; x_wconf 87' lang='lat' dir='ltr'>secundarum</span> <span class='ocrx_word' id='word_1_86' title='bbox 1084 1324 1151 1365; x_wconf 91' lang='lat' dir='ltr'>am-</span> 
     </span>
     <span class='ocr_line' id='line_1_13' title="bbox 97 1390 1151 1475; baseline 0.001 -22"><span class='ocrx_word' id='word_1_87' title='bbox 97 1412 215 1475; x_wconf 88' lang='lat' dir='ltr'>umque</span> <span class='ocrx_word' id='word_1_88' title='bbox 252 1412 358 1455; x_wconf 89' lang='lat' dir='ltr'>rerum</span> <span class='ocrx_word' id='word_1_89' title='bbox 396 1390 499 1455; x_wconf 85' lang='lat' dir='ltr'>sciens</span> <span class='ocrx_word' id='word_1_90' title='bbox 536 1412 637 1475; x_wconf 88' lang='lat' dir='ltr'>eoque</span> <span class='ocrx_word' id='word_1_91' title='bbox 673 1391 850 1455; x_wconf 80' lang='lat' dir='ltr'>interritus</span> <span class='ocrx_word' id='word_1_92' title='bbox 904 1391 1004 1474; x_wconf 90' lang='lat' dir='ltr'>igitur</span> <span class='ocrx_word' id='word_1_93' title='bbox 1042 1390 1151 1454; x_wconf 88' lang='lat' dir='ltr'>futura</span> 
     </span>
     <span class='ocr_line' id='line_1_14' title="bbox 98 1479 1195 1564; baseline 0.004 -22"><span class='ocrx_word' id='word_1_94' title='bbox 98 1501 201 1543; x_wconf 91' lang='lat' dir='ltr'>snon</span> <span class='ocrx_word' id='word_1_95' title='bbox 224 1479 310 1543; x_wconf 88' lang='lat' dir='ltr'>aliud</span> <span class='ocrx_word' id='word_1_96' title='bbox 334 1479 480 1562; x_wconf 88' lang='lat' dir='ltr'>repperit</span> <span class='ocrx_word' id='word_1_97' title='bbox 500 1501 595 1564; x_wconf 88' lang='lat' dir='ltr'>quarn</span> <span class='ocrx_word' id='word_1_98' title='bbox 619 1482 656 1543; x_wconf 87' lang='lat' dir='ltr'>ut</span> <span class='ocrx_word' id='word_1_99' title='bbox 690 1479 819 1543; x_wconf 80' lang='lat' dir='ltr'>hostem</span> <span class='ocrx_word' id='word_1_100' title='bbox 857 1479 946 1543; x_wconf 89' lang='lat' dir='ltr'>silvis</span> <span class='ocrx_word' id='word_1_101' title='bbox 984 1483 1195 1563; x_wconf 77' lang='lat' dir='ltr'>coiiroeret,15</span> 
     </span>
     <span class='ocr_line' id='line_1_15' title="bbox 111 1568 1152 1652; baseline -0.001 -20"><span class='ocrx_word' id='word_1_102' title='bbox 111 1568 214 1632; x_wconf 87' lang='lat' dir='ltr'>saucii</span> <span class='ocrx_word' id='word_1_103' title='bbox 246 1572 465 1652; x_wconf 89' lang='lat' dir='ltr'>quantumque</span> <span class='ocrx_word' id='word_1_104' title='bbox 502 1568 662 1652; x_wconf 84' lang='lat' dir='ltr'>gravioris</span> <span class='ocrx_word' id='word_1_105' title='bbox 694 1568 834 1652; x_wconf 89' lang='lat' dir='ltr'>agminis</span> <span class='ocrx_word' id='word_1_106' title='bbox 867 1568 1041 1650; x_wconf 84' lang='lat' dir='ltr'>anteirent3</span> <span class='ocrx_word' id='word_1_107' title='bbox 1074 1590 1152 1632; x_wconf 90' lang='lat' dir='ltr'>nam</span> 
     </span>
     <span class='ocr_line' id='line_1_16' title="bbox 104 1656 1152 1741; baseline 0 -21"><span class='ocrx_word' id='word_1_108' title='bbox 104 1657 264 1721; x_wconf 90' lang='lat' dir='ltr'>montium</span> <span class='ocrx_word' id='word_1_109' title='bbox 284 1660 317 1721; x_wconf 90' lang='lat' dir='ltr'>et</span> <span class='ocrx_word' id='word_1_110' title='bbox 335 1656 491 1740; x_wconf 90' lang='lat' dir='ltr'>paludum</span> <span class='ocrx_word' id='word_1_111' title='bbox 505 1656 730 1740; x_wconf 86' lang='lat' dir='ltr'>porrigebatur</span> <span class='ocrx_word' id='word_1_112' title='bbox 743 1656 906 1741; x_wconf 85' lang='lat' dir='ltr'>planities,</span> <span class='ocrx_word' id='word_1_113' title='bbox 925 1678 1007 1741; x_wconf 89' lang='lat' dir='ltr'>quae</span> <span class='ocrx_word' id='word_1_114' title='bbox 1021 1661 1152 1720; x_wconf 88' lang='lat' dir='ltr'>tenuem</span> 
     </span>
     <span class='ocr_line' id='line_1_17' title="bbox 115 1744 1152 1829; baseline 0 -21"><span class='ocrx_word' id='word_1_115' title='bbox 115 1749 292 1828; x_wconf 88' lang='lat' dir='ltr'>pateretur.</span> <span class='ocrx_word' id='word_1_116' title='bbox 339 1744 526 1829; x_wconf 87' lang='lat' dir='ltr'>deliguntur</span> <span class='ocrx_word' id='word_1_117' title='bbox 567 1745 710 1829; x_wconf 88' lang='lat' dir='ltr'>legiones</span> <span class='ocrx_word' id='word_1_118' title='bbox 748 1745 863 1828; x_wconf 89' lang='lat' dir='ltr'>quinta</span> <span class='ocrx_word' id='word_1_119' title='bbox 899 1745 1011 1809; x_wconf 86' lang='lat' dir='ltr'>dextro</span> <span class='ocrx_word' id='word_1_120' title='bbox 1047 1746 1152 1829; x_wconf 88' lang='lat' dir='ltr'>lateri,</span> 
     </span>
     <span class='ocr_line' id='line_1_18' title="bbox 98 1833 1150 1918; baseline 0.002 -21"><span class='ocrx_word' id='word_1_121' title='bbox 98 1834 235 1898; x_wconf 76' lang='lat' dir='ltr'>rensima</span> <span class='ocrx_word' id='word_1_122' title='bbox 258 1834 294 1897; x_wconf 92' lang='lat' dir='ltr'>in</span> <span class='ocrx_word' id='word_1_123' title='bbox 313 1833 451 1918; x_wconf 89' lang='lat' dir='ltr'>laevum,</span> <span class='ocrx_word' id='word_1_124' title='bbox 474 1833 614 1918; x_wconf 85' lang='lat' dir='ltr'>primani</span> <span class='ocrx_word' id='word_1_125' title='bbox 633 1833 813 1898; x_wconf 85' lang='lat' dir='ltr'>ducendum</span> <span class='ocrx_word' id='word_1_126' title='bbox 837 1833 876 1898; x_wconf 94' lang='lat' dir='ltr'>ad</span> <span class='ocrx_word' id='word_1_127' title='bbox 897 1855 1024 1918; x_wconf 80' lang='lat' dir='ltr'>agmen,</span> <span class='ocrx_word' id='word_1_128' title='bbox 1046 1834 1150 1899; x_wconf 83' lang='lat' dir='ltr'>vieen·</span> 
     </span>
     <span class='ocr_line' id='line_1_19' title="bbox 98 1922 1195 1988; baseline 0.002 -2"><span class='ocrx_word' id='word_1_129' title='bbox 98 1945 119 1986; x_wconf 89' lang='lat' dir='ltr'>s</span> <span class='ocrx_word' id='word_1_130' title='bbox 144 1922 314 1986; x_wconf 83' lang='lat' dir='ltr'>adversum</span> <span class='ocrx_word' id='word_1_131' title='bbox 337 1927 511 1987; x_wconf 79' lang='lat' dir='ltr'>secuturos</span> <span class='ocrx_word' id='word_1_132' title='bbox 1160 1940 1195 1988; x_wconf 79' lang='lat' dir='ltr'>ao</span> 
     </span>
     <span class='ocr_line' id='line_1_20' title="bbox 100 2009 1205 2095; baseline 0.003 -21"><span class='ocrx_word' id='word_1_133' title='bbox 100 2032 142 2075; x_wconf 84' lang='lat' dir='ltr'>ox</span> <span class='ocrx_word' id='word_1_134' title='bbox 167 2032 225 2094; x_wconf 91' lang='lat' dir='ltr'>per</span> <span class='ocrx_word' id='word_1_135' title='bbox 248 2011 372 2075; x_wconf 82' lang='lat' dir='ltr'>diversa</span> <span class='ocrx_word' id='word_1_136' title='bbox 394 2011 534 2095; x_wconf 84' lang='lat' dir='ltr'>inquies,</span> <span class='ocrx_word' id='word_1_137' title='bbox 558 2032 631 2074; x_wconf 88' lang='lat' dir='ltr'>oum</span> <span class='ocrx_word' id='word_1_138' title='bbox 653 2009 784 2074; x_wconf 89' lang='lat' dir='ltr'>barbari</span> <span class='ocrx_word' id='word_1_139' title='bbox 812 2009 905 2075; x_wconf 87' lang='lat' dir='ltr'>festis</span> <span class='ocrx_word' id='word_1_140' title='bbox 929 2011 1042 2095; x_wconf 89' lang='lat' dir='ltr'>epulis,</span> <span class='ocrx_word' id='word_1_141' title='bbox 1064 2011 1149 2075; x_wconf 89' lang='lat' dir='ltr'>laeto</span> <span class='ocrx_word' id='word_1_142' title='bbox 1161 2011 1205 2077; x_wconf 81' lang='lat'>65</span> 
     </span>
     <span class='ocr_line' id='line_1_21' title="bbox 104 2098 1151 2164; baseline 0 -1"><span class='ocrx_word' id='word_1_143' title='bbox 104 2103 160 2164; x_wconf 91' lang='lat' dir='ltr'>aut</span> <span class='ocrx_word' id='word_1_144' title='bbox 187 2100 271 2163; x_wconf 89' lang='lat' dir='ltr'>truei</span> <span class='ocrx_word' id='word_1_145' title='bbox 302 2121 417 2164; x_wconf 87' lang='lat' dir='ltr'>sonore</span> <span class='ocrx_word' id='word_1_146' title='bbox 446 2100 591 2164; x_wconf 79' lang='lat' dir='ltr'>subiecta</span> <span class='ocrx_word' id='word_1_147' title='bbox 613 2098 747 2163; x_wconf 89' lang='lat' dir='ltr'>vallium</span> <span class='ocrx_word' id='word_1_148' title='bbox 775 2120 812 2163; x_wconf 88' lang='lat' dir='ltr'>ae</span> <span class='ocrx_word' id='word_1_149' title='bbox 834 2099 1025 2164; x_wconf 88' lang='lat' dir='ltr'>resultantis</span> <span class='ocrx_word' id='word_1_150' title='bbox 1050 2100 1151 2164; x_wconf 89' lang='lat' dir='ltr'>saltus</span> 
     </span>
     <span class='ocr_line' id='line_1_22' title="bbox 98 2187 1153 2272; baseline 0.001 -21"><span class='ocrx_word' id='word_1_151' title='bbox 98 2192 192 2272; x_wconf 69' lang='lat' dir='ltr'>irent,</span> <span class='ocrx_word' id='word_1_152' title='bbox 224 2189 309 2271; x_wconf 92' lang='lat' dir='ltr'>apud</span> <span class='ocrx_word' id='word_1_153' title='bbox 336 2187 502 2252; x_wconf 86' lang='lat' dir='ltr'>Romanos</span> <span class='ocrx_word' id='word_1_154' title='bbox 530 2187 664 2251; x_wconf 80' lang='lat' dir='ltr'>invalidi</span> <span class='ocrx_word' id='word_1_155' title='bbox 691 2188 798 2272; x_wconf 89' lang='lat' dir='ltr'>ignes,</span> <span class='ocrx_word' id='word_1_156' title='bbox 825 2188 1026 2272; x_wconf 85' lang='lat' dir='ltr'>interruptae</span> <span class='ocrx_word' id='word_1_157' title='bbox 1049 2210 1153 2272; x_wconf 86' lang='lat' dir='ltr'>voces,</span> 
     </span>
     <span class='ocr_line' id='line_1_23' title="bbox 98 2276 1153 2361; baseline 0.003 -22"><span class='ocrx_word' id='word_1_158' title='bbox 98 2277 161 2360; x_wconf 87' lang='lat' dir='ltr'>ipsi</span> <span class='ocrx_word' id='word_1_159' title='bbox 180 2277 304 2360; x_wconf 90' lang='lat' dir='ltr'>passim</span> <span class='ocrx_word' id='word_1_160' title='bbox 324 2277 508 2341; x_wconf 79' lang='lat' dir='ltr'>adiacerent</span> <span class='ocrx_word' id='word_1_161' title='bbox 526 2276 622 2356; x_wconf 84' lang='lat' dir='ltr'>vallo,</span> <span class='ocrx_word' id='word_1_162' title='bbox 645 2277 833 2341; x_wconf 89' lang='lat' dir='ltr'>oberrarent</span> <span class='ocrx_word' id='word_1_163' title='bbox 850 2278 1009 2361; x_wconf 87' lang='lat' dir='ltr'>tentoriis,</span> <span class='ocrx_word' id='word_1_164' title='bbox 1032 2277 1153 2342; x_wconf 90' lang='lat' dir='ltr'>insom-</span> 
     </span>
    </p>
   </div>
   <div class='ocr_carea' id='block_1_3' title="bbox 98 2365 1196 2981">
    <p class='ocr_par' dir='ltr' id='par_1_3' title="bbox 98 2365 1196 2981">
     <span class='ocr_line' id='line_1_24' title="bbox 98 2365 1186 2451; baseline 0.003 -23"><span class='ocrx_word' id='word_1_165' title='bbox 98 2365 165 2449; x_wconf 87' lang='lat' dir='ltr'>agis</span> <span class='ocrx_word' id='word_1_166' title='bbox 186 2387 284 2449; x_wconf 90' lang='lat' dir='ltr'>quam</span> <span class='ocrx_word' id='word_1_167' title='bbox 306 2365 491 2450; x_wconf 77' lang='lat' dir='ltr'>pervigiles</span> <span class='ocrx_word' id='word_1_168' title='bbox 528 2365 704 2450; x_wconf 87' lang='lat' dir='ltr'>dueemque</span> <span class='ocrx_word' id='word_1_169' title='bbox 721 2366 837 2429; x_wconf 88' lang='lat' dir='ltr'>terruit</span> <span class='ocrx_word' id='word_1_170' title='bbox 855 2365 925 2430; x_wconf 86' lang='lat' dir='ltr'>dira</span> <span class='ocrx_word' id='word_1_171' title='bbox 947 2366 1050 2451; x_wconf 88' lang='lat' dir='ltr'>quies:</span> <span class='ocrx_word' id='word_1_172' title='bbox 1074 2383 1186 2432; x_wconf 71' lang='lat' dir='ltr'>namt</span> 
     </span>
     <span class='ocr_line' id='line_1_25' title="bbox 98 2454 1152 2539; baseline 0.002 -22"><span class='ocrx_word' id='word_1_173' title='bbox 98 2454 171 2517; x_wconf 90' lang='lat' dir='ltr'>lium</span> <span class='ocrx_word' id='word_1_174' title='bbox 204 2454 329 2519; x_wconf 90' lang='lat' dir='ltr'>Varum</span> <span class='ocrx_word' id='word_1_175' title='bbox 363 2455 519 2539; x_wconf 88' lang='lat' dir='ltr'>sanguine</span> <span class='ocrx_word' id='word_1_176' title='bbox 553 2454 691 2519; x_wconf 87' lang='lat' dir='ltr'>oblitum</span> <span class='ocrx_word' id='word_1_177' title='bbox 726 2457 758 2518; x_wconf 88' lang='lat' dir='ltr'>et</span> <span class='ocrx_word' id='word_1_178' title='bbox 789 2454 960 2538; x_wconf 90' lang='lat' dir='ltr'>paludibus</span> <span class='ocrx_word' id='word_1_179' title='bbox 993 2476 1152 2519; x_wconf 87' lang='lat' dir='ltr'>emersum</span> 
     </span>
     <span class='ocr_line' id='line_1_26' title="bbox 98 2542 1152 2627; baseline 0 -21"><span class='ocrx_word' id='word_1_180' title='bbox 98 2565 107 2606; x_wconf 78' lang='lat' dir='ltr'>e</span> <span class='ocrx_word' id='word_1_181' title='bbox 131 2547 164 2607; x_wconf 92' lang='lat' dir='ltr'>et</span> <span class='ocrx_word' id='word_1_182' title='bbox 187 2542 296 2607; x_wconf 91' lang='lat' dir='ltr'>audire</span> <span class='ocrx_word' id='word_1_183' title='bbox 325 2543 413 2607; x_wconf 84' lang='lat' dir='ltr'>visus</span> <span class='ocrx_word' id='word_1_184' title='bbox 437 2546 488 2607; x_wconf 86' lang='lat' dir='ltr'>est</span> <span class='ocrx_word' id='word_1_185' title='bbox 510 2543 598 2607; x_wconf 87' lang='lat' dir='ltr'>velut</span> <span class='ocrx_word' id='word_1_186' title='bbox 620 2546 804 2627; x_wconf 83' lang='lat' dir='ltr'>vocantem,</span> <span class='ocrx_word' id='word_1_187' title='bbox 832 2565 899 2608; x_wconf 95' lang='lat' dir='ltr'>non</span> <span class='ocrx_word' id='word_1_188' title='bbox 926 2547 1038 2608; x_wconf 87' lang='lat' dir='ltr'>tamen</span> <span class='ocrx_word' id='word_1_189' title='bbox 1062 2543 1152 2608; x_wconf 90' lang='lat' dir='ltr'>obse-</span> 
     </span>
     <span class='ocr_line' id='line_1_27' title="bbox 104 2631 1152 2716; baseline 0.002 -22"><span class='ocrx_word' id='word_1_190' title='bbox 104 2635 136 2694; x_wconf 87' lang='lat' dir='ltr'>et</span> <span class='ocrx_word' id='word_1_191' title='bbox 164 2653 280 2695; x_wconf 88' lang='lat' dir='ltr'>manus</span> <span class='ocrx_word' id='word_1_192' title='bbox 310 2631 531 2695; x_wconf 87' lang='lat' dir='ltr'>intendentem</span> <span class='ocrx_word' id='word_1_193' title='bbox 558 2632 747 2716; x_wconf 88' lang='lat' dir='ltr'>reppulisse.</span> <span class='ocrx_word' id='word_1_194' title='bbox 793 2636 909 2716; x_wconf 81' lang='lat' dir='ltr'>coepta</span> <span class='ocrx_word' id='word_1_195' title='bbox 935 2632 1005 2697; x_wconf 88' lang='lat' dir='ltr'>luee</span> <span class='ocrx_word' id='word_1_196' title='bbox 1033 2632 1152 2696; x_wconf 89' lang='lat' dir='ltr'>missae</span> 
     </span>
     <span class='ocr_line' id='line_1_28' title="bbox 98 2720 1151 2807; baseline 0.003 -24"><span class='ocrx_word' id='word_1_197' title='bbox 98 2742 134 2784; x_wconf 91' lang='lat' dir='ltr'>ra</span> <span class='ocrx_word' id='word_1_198' title='bbox 153 2721 308 2804; x_wconf 90' lang='lat' dir='ltr'>legiones,</span> <span class='ocrx_word' id='word_1_199' title='bbox 327 2724 414 2784; x_wconf 89' lang='lat' dir='ltr'>metu</span> <span class='ocrx_word' id='word_1_200' title='bbox 435 2742 477 2784; x_wconf 88' lang='lat' dir='ltr'>an</span> <span class='ocrx_word' id='word_1_201' title='bbox 501 2720 713 2804; x_wconf 80' lang='lat' dir='ltr'>contumacia,</span> <span class='ocrx_word' id='word_1_202' title='bbox 735 2721 842 2785; x_wconf 86' lang='lat' dir='ltr'>locum</span> <span class='ocrx_word' id='word_1_203' title='bbox 861 2720 1036 2807; x_wconf 87' lang='lat' dir='ltr'>deseruere,</span> <span class='ocrx_word' id='word_1_204' title='bbox 1056 2726 1151 2805; x_wconf 83' lang='lat' dir='ltr'>capto</span> 
     </span>
     <span class='ocr_line' id='line_1_29' title="bbox 98 2808 1196 2893; baseline 0.002 -21"><span class='ocrx_word' id='word_1_205' title='bbox 98 2831 112 2872; x_wconf 90' lang='lat' dir='ltr'>e</span> <span class='ocrx_word' id='word_1_206' title='bbox 141 2830 255 2891; x_wconf 88' lang='lat' dir='ltr'>eampo</span> <span class='ocrx_word' id='word_1_207' title='bbox 284 2808 429 2872; x_wconf 89' lang='lat' dir='ltr'>umentia</span> <span class='ocrx_word' id='word_1_208' title='bbox 455 2809 549 2873; x_wconf 89' lang='lat' dir='ltr'>ultra.</span> <span class='ocrx_word' id='word_1_209' title='bbox 584 2830 688 2893; x_wconf 91' lang='lat' dir='ltr'>neque</span> <span class='ocrx_word' id='word_1_210' title='bbox 715 2813 825 2873; x_wconf 88' lang='lat' dir='ltr'>tamen</span> <span class='ocrx_word' id='word_1_211' title='bbox 847 2808 1015 2874; x_wconf 88' lang='lat' dir='ltr'>Arminius</span> <span class='ocrx_word' id='word_1_212' title='bbox 1044 2831 1152 2893; x_wconf 90' lang='lat' dir='ltr'>quam·</span> <span class='ocrx_word' id='word_1_213' title='bbox 1163 2825 1196 2875; x_wconf 85' lang='grc'>10</span> 
     </span>
     <span class='ocr_line' id='line_1_30' title="bbox 108 2897 1150 2981; baseline 0.003 -20"><span class='ocrx_word' id='word_1_214' title='bbox 108 2897 211 2961; x_wconf 89' lang='lat' dir='ltr'>libero</span> <span class='ocrx_word' id='word_1_215' title='bbox 240 2897 370 2961; x_wconf 79' lang='lat' dir='ltr'>incursu</span> <span class='ocrx_word' id='word_1_216' title='bbox 402 2898 514 2962; x_wconf 87' lang='lat' dir='ltr'>statim</span> <span class='ocrx_word' id='word_1_217' title='bbox 547 2898 709 2981; x_wconf 89' lang='lat' dir='ltr'>prorupit:</span> <span class='ocrx_word' id='word_1_218' title='bbox 743 2898 798 2961; x_wconf 92' lang='lat' dir='ltr'>sed</span> <span class='ocrx_word' id='word_1_219' title='bbox 826 2901 862 2960; x_wconf 90' lang='lat' dir='ltr'>ut</span> <span class='ocrx_word' id='word_1_220' title='bbox 889 2897 1021 2963; x_wconf 87' lang='lat' dir='ltr'>haesere</span> <span class='ocrx_word' id='word_1_221' title='bbox 1050 2920 1150 2964; x_wconf 87' lang='lat' dir='ltr'>oaeno</span> 
     </span>
    </p>
   </div>
   <div class='ocr_carea' id='block_1_4' title="bbox 98 3070 1155 4491">
    <p class='ocr_par' dir='ltr' id='par_1_4' title="bbox 98 3070 1152 3140">
     <span class='ocr_line' id='line_1_31' title="bbox 98 3070 1152 3140; baseline 0.002 -16"><span class='ocrx_word' id='word_1_222' title='bbox 98 3072 178 3140; x_wconf 65' lang='lat' dir='ltr'>talen,</span> <span class='ocrx_word' id='word_1_223' title='bbox 192 3089 243 3126; x_wconf 83' lang='lat' dir='ltr'>vor</span> <span class='ocrx_word' id='word_1_224' title='bbox 252 3071 312 3125; x_wconf 90' lang='lat' dir='ltr'>ihm</span> <span class='ocrx_word' id='word_1_225' title='bbox 321 3090 374 3126; x_wconf 90' lang='lat' dir='ltr'>nur</span> <span class='ocrx_word' id='word_1_226' title='bbox 384 3072 536 3128; x_wconf 81' lang='lat' dir='ltr'>Sallust—</span> <span class='ocrx_word' id='word_1_227' title='bbox 627 3070 675 3127; x_wconf 77' lang='lat'>65.</span> <span class='ocrx_word' id='word_1_228' title='bbox 696 3077 720 3124; x_wconf 93' lang='lat'>1.</span> <span class='ocrx_word' id='word_1_229' title='bbox 739 3073 846 3140; x_wconf 77' lang='lat' dir='ltr'>inquies</span> <span class='ocrx_word' id='word_1_230' title='bbox 859 3071 905 3126; x_wconf 88' lang='lat' dir='ltr'>bei</span> <span class='ocrx_word' id='word_1_231' title='bbox 920 3071 1027 3127; x_wconf 85' lang='lat' dir='ltr'>Sallust</span> <span class='ocrx_word' id='word_1_232' title='bbox 1041 3073 1097 3126; x_wconf 87' lang='lat' dir='ltr'>und</span> <span class='ocrx_word' id='word_1_233' title='bbox 1111 3071 1152 3126; x_wconf 93' lang='lat' dir='ltr'>im</span> 
     </span>
    </p>

    <p class='ocr_par' dir='ltr' id='par_1_5' title="bbox 98 3142 783 3198">
     <span class='ocr_line' id='line_1_32' title="bbox 98 3142 783 3198; baseline 0.004 -3"><span class='ocrx_word' id='word_1_234' title='bbox 98 3143 157 3196; x_wconf 85' lang='lat' dir='ltr'>inm.</span> <span class='ocrx_word' id='word_1_235' title='bbox 178 3144 234 3197; x_wconf 92' lang='lat' dir='ltr'>Der</span> <span class='ocrx_word' id='word_1_236' title='bbox 248 3143 375 3198; x_wconf 86' lang='lat' dir='ltr'>absolute</span> <span class='ocrx_word' id='word_1_237' title='bbox 391 3142 537 3198; x_wconf 82' lang='lat' dir='ltr'>Gabraueh</span> <span class='ocrx_word' id='word_1_238' title='bbox 592 3143 654 3197; x_wconf 88' lang='lat' dir='ltr'>silb.</span> <span class='ocrx_word' id='word_1_239' title='bbox 674 3143 783 3198; x_wconf 87' lang='lat' dir='ltr'>Latein.</span> 
     </span>
    </p>

    <p class='ocr_par' dir='ltr' id='par_1_6' title="bbox 98 3213 1153 3282">
     <span class='ocr_line' id='line_1_33' title="bbox 98 3213 1153 3282; baseline 0 -14"><span class='ocrx_word' id='word_1_240' title='bbox 98 3215 171 3268; x_wconf 84' lang='lat' dir='ltr'>erari</span> <span class='ocrx_word' id='word_1_241' title='bbox 198 3216 280 3282; x_wconf 84' lang='lat' dir='ltr'>(stati</span> <span class='ocrx_word' id='word_1_242' title='bbox 303 3216 436 3282; x_wconf 84' lang='lat' dir='ltr'>inopere</span> <span class='ocrx_word' id='word_1_243' title='bbox 461 3231 537 3269; x_wconf 88' lang='lat' dir='ltr'>oeen-</span> <span class='ocrx_word' id='word_1_244' title='bbox 628 3219 652 3268; x_wconf 78' lang='lat'>2.</span> <span class='ocrx_word' id='word_1_245' title='bbox 690 3213 743 3268; x_wconf 88' lang='lat' dir='ltr'>Die</span> <span class='ocrx_word' id='word_1_246' title='bbox 766 3214 878 3269; x_wconf 77' lang='lat' dir='ltr'>Wdrter</span> <span class='ocrx_word' id='word_1_247' title='bbox 900 3230 994 3282; x_wconf 77' lang='lat' dir='ltr'>eonor,</span> <span class='ocrx_word' id='word_1_248' title='bbox 1019 3215 1153 3269; x_wconf 80' lang='lat' dir='ltr'>resultare</span> 
     </span>
    </p>

    <p class='ocr_par' dir='ltr' id='par_1_7' title="bbox 98 3284 1153 3426">
     <span class='ocr_line' id='line_1_34' title="bbox 98 3284 1153 3355; baseline 0 -17"><span class='ocrx_word' id='word_1_249' title='bbox 98 3290 151 3352; x_wconf 81' lang='lat' dir='ltr'>sse)</span> <span class='ocrx_word' id='word_1_250' title='bbox 168 3284 207 3338; x_wconf 85' lang='lat' dir='ltr'>ist</span> <span class='ocrx_word' id='word_1_251' title='bbox 220 3284 389 3339; x_wconf 87' lang='lat' dir='ltr'>dichterisoh</span> <span class='ocrx_word' id='word_1_252' title='bbox 404 3286 461 3339; x_wconf 89' lang='lat' dir='ltr'>und</span> <span class='ocrx_word' id='word_1_253' title='bbox 475 3285 537 3340; x_wconf 90' lang='lat' dir='ltr'>silb.</span> <span class='ocrx_word' id='word_1_254' title='bbox 592 3285 650 3338; x_wconf 88' lang='lat' dir='ltr'>und</span> <span class='ocrx_word' id='word_1_255' title='bbox 681 3284 720 3338; x_wconf 91' lang='lat' dir='ltr'>im</span> <span class='ocrx_word' id='word_1_256' title='bbox 747 3285 909 3355; x_wconf 84' lang='lat' dir='ltr'>Folgenden</span> <span class='ocrx_word' id='word_1_257' title='bbox 940 3286 1065 3340; x_wconf 85' lang='lat' dir='ltr'>oberrare</span> <span class='ocrx_word' id='word_1_258' title='bbox 1094 3285 1153 3338; x_wconf 91' lang='lat' dir='ltr'>und</span> 
     </span>
     <span class='ocr_line' id='line_1_35' title="bbox 588 3355 1152 3426; baseline 0 -16"><span class='ocrx_word' id='word_1_259' title='bbox 588 3357 708 3424; x_wconf 66' lang='lat' dir='ltr'>penten</span> <span class='ocrx_word' id='word_1_260' title='bbox 726 3355 788 3410; x_wconf 79' lang='lat' dir='ltr'>sind</span> <span class='ocrx_word' id='word_1_261' title='bbox 807 3356 862 3411; x_wconf 87' lang='lat' dir='ltr'>alle</span> <span class='ocrx_word' id='word_1_262' title='bbox 876 3357 1073 3426; x_wconf 76' lang='lat' dir='ltr'>ursprirnglieh</span> <span class='ocrx_word' id='word_1_263' title='bbox 1086 3373 1152 3426; x_wconf 90' lang='lat' dir='ltr'>poe-</span> 
     </span>
    </p>

    <p class='ocr_par' dir='ltr' id='par_1_8' title="bbox 98 3425 674 3495">
     <span class='ocr_line' id='line_1_36' title="bbox 98 3425 674 3495; baseline 0 -15"><span class='ocrx_word' id='word_1_264' title='bbox 98 3425 114 3480; x_wconf 64' lang='grc' dir='ltr'><em>ἀ</em></span> <span class='ocrx_word' id='word_1_265' title='bbox 136 3427 263 3494; x_wconf 69' lang='lat' dir='ltr'>pradum.</span> <span class='ocrx_word' id='word_1_266' title='bbox 296 3426 360 3495; x_wconf 85' lang='lat' dir='ltr'>Vgl.</span> <span class='ocrx_word' id='word_1_267' title='bbox 384 3426 441 3480; x_wconf 91' lang='lat' dir='ltr'>hist</span> <span class='ocrx_word' id='word_1_268' title='bbox 460 3433 485 3493; x_wconf 77' lang='lat'>2,</span> <span class='ocrx_word' id='word_1_269' title='bbox 504 3433 538 3481; x_wconf 81' lang='lat'>3⁶</span> <span class='ocrx_word' id='word_1_270' title='bbox 592 3426 674 3480; x_wconf 88' lang='lat' dir='ltr'>tisoh.</span> 
     </span>
    </p>

    <p class='ocr_par' dir='ltr' id='par_1_9' title="bbox 98 3497 1152 3565">
     <span class='ocr_line' id='line_1_37' title="bbox 98 3497 1152 3565; baseline 0.001 -15"><span class='ocrx_word' id='word_1_271' title='bbox 98 3498 196 3565; x_wconf 75' lang='lat' dir='ltr'>prada</span> <span class='ocrx_word' id='word_1_272' title='bbox 234 3497 294 3552; x_wconf 86' lang='lat' dir='ltr'>Liv.</span> <span class='ocrx_word' id='word_1_273' title='bbox 324 3504 353 3565; x_wconf 83' lang='lat'>6,</span> <span class='ocrx_word' id='word_1_274' title='bbox 384 3504 415 3550; x_wconf 78' lang='lat'>12</span> <span class='ocrx_word' id='word_1_275' title='bbox 444 3499 540 3552; x_wconf 82' lang='lat' dir='ltr'>stabili</span> <span class='ocrx_word' id='word_1_276' title='bbox 629 3504 654 3551; x_wconf 86' lang='grc'>3.</span> <span class='ocrx_word' id='word_1_277' title='bbox 685 3497 786 3551; x_wconf 86' lang='lat' dir='ltr'>Hinter</span> <span class='ocrx_word' id='word_1_278' title='bbox 807 3512 882 3552; x_wconf 79' lang='lat' dir='ltr'>voees</span> <span class='ocrx_word' id='word_1_279' title='bbox 899 3498 938 3552; x_wconf 90' lang='lat' dir='ltr'>ist</span> <span class='ocrx_word' id='word_1_280' title='bbox 955 3503 1040 3552; x_wconf 81' lang='lat' dir='ltr'>essent</span> <span class='ocrx_word' id='word_1_281' title='bbox 1058 3516 1091 3551; x_wconf 85' lang='lat' dir='ltr'>zu</span> <span class='ocrx_word' id='word_1_282' title='bbox 1110 3515 1152 3551; x_wconf 90' lang='lat' dir='ltr'>er·</span> 
     </span>
    </p>

    <p class='ocr_par' dir='ltr' id='par_1_10' title="bbox 98 3569 707 3638">
     <span class='ocr_line' id='line_1_38' title="bbox 98 3569 707 3638; baseline 0.002 -18"><span class='ocrx_word' id='word_1_283' title='bbox 98 3569 229 3634; x_wconf 77' lang='lat' dir='ltr'>impeturn</span> <span class='ocrx_word' id='word_1_284' title='bbox 259 3569 377 3623; x_wconf 75' lang='lat' dir='ltr'>leontiam</span> <span class='ocrx_word' id='word_1_285' title='bbox 408 3570 537 3637; x_wconf 73' lang='lat' dir='ltr'>racipere.</span> <span class='ocrx_word' id='word_1_286' title='bbox 592 3573 707 3638; x_wconf 83' lang='lat' dir='ltr'>g&#39;anzen.</span> 
     </span>
    </p>

    <p class='ocr_par' dir='ltr' id='par_1_11' title="bbox 98 3639 1155 3707">
     <span class='ocr_line' id='line_1_39' title="bbox 98 3639 1155 3707; baseline 0.003 -16"><span class='ocrx_word' id='word_1_287' title='bbox 98 3640 173 3707; x_wconf 77' lang='lat' dir='ltr'>penti</span> <span class='ocrx_word' id='word_1_288' title='bbox 184 3640 277 3706; x_wconf 71' lang='lat' dir='ltr'>proin</span> <span class='ocrx_word' id='word_1_289' title='bbox 287 3644 397 3707; x_wconf 83' lang='lat' dir='ltr'>pontem</span> <span class='ocrx_word' id='word_1_290' title='bbox 411 3641 538 3694; x_wconf 87' lang='lat' dir='ltr'>obtinere.</span> <span class='ocrx_word' id='word_1_291' title='bbox 629 3647 652 3694; x_wconf 83' lang='grc'>6.</span> <span class='ocrx_word' id='word_1_292' title='bbox 672 3655 801 3707; x_wconf 74' lang='lat' dir='ltr'>erneryere</span> <span class='ocrx_word' id='word_1_293' title='bbox 818 3657 855 3694; x_wconf 92' lang='lat' dir='ltr'>m.</span> <span class='ocrx_word' id='word_1_294' title='bbox 870 3639 933 3694; x_wconf 86' lang='lat' dir='ltr'>Abl.</span> <span class='ocrx_word' id='word_1_295' title='bbox 948 3641 1020 3693; x_wconf 89' lang='lat' dir='ltr'>naoh</span> <span class='ocrx_word' id='word_1_296' title='bbox 1035 3639 1155 3707; x_wconf 83' lang='lat' dir='ltr'>Sallust;</span> 
     </span>
    </p>

    <p class='ocr_par' dir='ltr' id='par_1_12' title="bbox 98 3709 1035 3766">
     <span class='ocr_line' id='line_1_40' title="bbox 98 3709 1035 3766; baseline 0.001 -4"><span class='ocrx_word' id='word_1_297' title='bbox 98 3710 163 3762; x_wconf 71' lang='lat' dir='ltr'>aene</span> <span class='ocrx_word' id='word_1_298' title='bbox 177 3710 231 3762; x_wconf 85' lang='lat' dir='ltr'>mit</span> <span class='ocrx_word' id='word_1_299' title='bbox 243 3710 308 3764; x_wconf 90' lang='lat' dir='ltr'>dem</span> <span class='ocrx_word' id='word_1_300' title='bbox 319 3709 438 3766; x_wconf 80' lang='lat' dir='ltr'>Genetiv</span> <span class='ocrx_word' id='word_1_301' title='bbox 452 3711 538 3765; x_wconf 86' lang='lat' dir='ltr'>sehon</span> <span class='ocrx_word' id='word_1_302' title='bbox 592 3711 639 3764; x_wconf 89' lang='lat' dir='ltr'>bei</span> <span class='ocrx_word' id='word_1_303' title='bbox 658 3709 712 3765; x_wconf 81' lang='lat' dir='ltr'>(lio.</span> <span class='ocrx_word' id='word_1_304' title='bbox 732 3710 790 3763; x_wconf 88' lang='lat' dir='ltr'>und</span> <span class='ocrx_word' id='word_1_305' title='bbox 808 3709 905 3764; x_wconf 85' lang='lat' dir='ltr'>Livius</span> <span class='ocrx_word' id='word_1_306' title='bbox 922 3711 976 3764; x_wconf 90' lang='lat' dir='ltr'>mit</span> <span class='ocrx_word' id='word_1_307' title='bbox 994 3727 1035 3765; x_wconf 79' lang='lat' dir='ltr'>en.</span> 
     </span>
    </p>

    <p class='ocr_par' dir='ltr' id='par_1_13' title="bbox 98 3780 1154 3851">
     <span class='ocr_line' id='line_1_41' title="bbox 98 3780 1154 3851; baseline 0.001 -17"><span class='ocrx_word' id='word_1_308' title='bbox 98 3796 149 3848; x_wconf 83' lang='lat' dir='ltr'>ero,</span> <span class='ocrx_word' id='word_1_309' title='bbox 170 3780 283 3846; x_wconf 86' lang='lat' dir='ltr'>Sallust,</span> <span class='ocrx_word' id='word_1_310' title='bbox 302 3781 435 3851; x_wconf 88' lang='lat' dir='ltr'>Vellejus.</span> <span class='ocrx_word' id='word_1_311' title='bbox 629 3787 654 3836; x_wconf 91' lang='lat'>8.</span> <span class='ocrx_word' id='word_1_312' title='bbox 672 3782 811 3835; x_wconf 77' lang='lat' dir='ltr'>intendere</span> <span class='ocrx_word' id='word_1_313' title='bbox 824 3781 950 3835; x_wconf 86' lang='lat' dir='ltr'>drohend</span> <span class='ocrx_word' id='word_1_314' title='bbox 964 3781 1154 3850; x_wconf 79' lang='lat' dir='ltr'>ausstreolren,</span> 
     </span>
    </p>

    <p class='ocr_par' dir='ltr' id='par_1_14' title="bbox 98 3852 1155 3922">
     <span class='ocr_line' id='line_1_42' title="bbox 98 3852 1155 3922; baseline 0.002 -18"><span class='ocrx_word' id='word_1_315' title='bbox 98 3852 197 3905; x_wconf 82' lang='lat' dir='ltr'>volvere</span> <span class='ocrx_word' id='word_1_316' title='bbox 222 3852 293 3906; x_wconf 88' lang='lat' dir='ltr'>statt</span> <span class='ocrx_word' id='word_1_317' title='bbox 314 3859 400 3906; x_wconf 85' lang='lat' dir='ltr'>mente</span> <span class='ocrx_word' id='word_1_318' title='bbox 423 3855 538 3922; x_wconf 78' lang='lat' dir='ltr'>opitare,</span> <span class='ocrx_word' id='word_1_319' title='bbox 592 3853 665 3907; x_wconf 86' lang='lat' dir='ltr'>auch</span> <span class='ocrx_word' id='word_1_320' title='bbox 678 3853 822 3906; x_wconf 77' lang='lat' dir='ltr'>intentare.</span> <span class='ocrx_word' id='word_1_321' title='bbox 842 3883 875 3891; x_wconf 96' lang='lat'>—</span> <span class='ocrx_word' id='word_1_322' title='bbox 896 3858 990 3921; x_wconf 80' lang='lat' dir='ltr'>coepto</span> <span class='ocrx_word' id='word_1_323' title='bbox 1003 3854 1155 3918; x_wconf 81' lang='lat' dir='ltr'>stottorta,</span> 
     </span>
    </p>

    <p class='ocr_par' dir='ltr' id='par_1_15' title="bbox 98 3923 1154 3978">
     <span class='ocr_line' id='line_1_43' title="bbox 98 3923 1154 3978; baseline 0.003 -4"><span class='ocrx_word' id='word_1_324' title='bbox 98 3926 130 3975; x_wconf 83' lang='lat'>38</span> <span class='ocrx_word' id='word_1_325' title='bbox 149 3923 248 3976; x_wconf 81' lang='lat' dir='ltr'>beilum</span> <span class='ocrx_word' id='word_1_326' title='bbox 266 3923 396 3977; x_wconf 79' lang='lat' dir='ltr'>adversas</span> <span class='ocrx_word' id='word_1_327' title='bbox 413 3940 464 3978; x_wconf 86' lang='lat' dir='ltr'>nos</span> <span class='ocrx_word' id='word_1_328' title='bbox 481 3926 537 3978; x_wconf 87' lang='lat' dir='ltr'>nol·</span> <span class='ocrx_word' id='word_1_329' title='bbox 591 3923 644 3978; x_wconf 84' lang='lat' dir='ltr'>wie</span> <span class='ocrx_word' id='word_1_330' title='bbox 668 3924 697 3976; x_wconf 92' lang='lat' dir='ltr'>in</span> <span class='ocrx_word' id='word_1_331' title='bbox 720 3923 773 3976; x_wconf 88' lang='lat' dir='ltr'>den</span> <span class='ocrx_word' id='word_1_332' title='bbox 792 3923 921 3976; x_wconf 89' lang='lat' dir='ltr'>Annalen</span> <span class='ocrx_word' id='word_1_333' title='bbox 942 3923 1014 3978; x_wconf 86' lang='lat' dir='ltr'>auch</span> <span class='ocrx_word' id='word_1_334' title='bbox 1033 3925 1154 3978; x_wconf 86' lang='lat' dir='ltr'>verbun-</span> 
     </span>
    </p>

    <p class='ocr_par' dir='ltr' id='par_1_16' title="bbox 98 3991 1155 4064">
     <span class='ocr_line' id='line_1_44' title="bbox 98 3991 1155 4064; baseline 0.004 -19"><span class='ocrx_word' id='word_1_335' title='bbox 98 3991 159 4047; x_wconf 81' lang='lat' dir='ltr'>hist.</span> <span class='ocrx_word' id='word_1_336' title='bbox 180 3999 210 4061; x_wconf 85' lang='lat'>1,</span> <span class='ocrx_word' id='word_1_337' title='bbox 229 4000 264 4047; x_wconf 87' lang='grc'>64</span> <span class='ocrx_word' id='word_1_338' title='bbox 288 3995 386 4048; x_wconf 84' lang='lat' dir='ltr'>bellum</span> <span class='ocrx_word' id='word_1_339' title='bbox 407 3996 537 4062; x_wconf 81' lang='lat' dir='ltr'>volvebat,</span> <span class='ocrx_word' id='word_1_340' title='bbox 593 3994 648 4048; x_wconf 91' lang='lat' dir='ltr'>den</span> <span class='ocrx_word' id='word_1_341' title='bbox 665 3993 735 4048; x_wconf 87' lang='lat' dir='ltr'>wird</span> <span class='ocrx_word' id='word_1_342' title='bbox 753 3999 830 4048; x_wconf 83' lang='lat' dir='ltr'>noete</span> <span class='ocrx_word' id='word_1_343' title='bbox 844 3999 945 4062; x_wconf 77' lang='lat' dir='ltr'>coepto,</span> <span class='ocrx_word' id='word_1_344' title='bbox 965 4001 1074 4063; x_wconf 77' lang='lat' dir='ltr'>coeptus</span> <span class='ocrx_word' id='word_1_345' title='bbox 1087 3997 1155 4064; x_wconf 77' lang='lat' dir='ltr'>dies,</span> 
     </span>
    </p>

    <p class='ocr_par' dir='ltr' id='par_1_17' title="bbox 98 4064 1153 4134">
     <span class='ocr_line' id='line_1_45' title="bbox 98 4064 1153 4134; baseline 0.005 -19"><span class='ocrx_word' id='word_1_346' title='bbox 98 4079 136 4130; x_wconf 83' lang='lat' dir='ltr'>er,</span> <span class='ocrx_word' id='word_1_347' title='bbox 155 4065 228 4118; x_wconf 83' lang='lat' dir='ltr'>nach</span> <span class='ocrx_word' id='word_1_348' title='bbox 242 4064 350 4118; x_wconf 86' lang='lat' dir='ltr'>Sallust</span> <span class='ocrx_word' id='word_1_349' title='bbox 362 4065 420 4119; x_wconf 91' lang='lat' dir='ltr'>und</span> <span class='ocrx_word' id='word_1_350' title='bbox 433 4065 539 4122; x_wconf 86' lang='lat' dir='ltr'>Livius.</span> <span class='ocrx_word' id='word_1_351' title='bbox 594 4071 687 4134; x_wconf 79' lang='lat' dir='ltr'>coepta</span> <span class='ocrx_word' id='word_1_352' title='bbox 713 4066 804 4120; x_wconf 85' lang='lat' dir='ltr'>bieme.</span> <span class='ocrx_word' id='word_1_353' title='bbox 843 4064 958 4121; x_wconf 79' lang='lat' dir='ltr'>Scheint</span> <span class='ocrx_word' id='word_1_354' title='bbox 986 4066 1153 4120; x_wconf 85' lang='lat' dir='ltr'>Taciteiseh.</span> 
     </span>
    </p>

    <p class='ocr_par' dir='ltr' id='par_1_18' title="bbox 110 4135 1038 4207">
     <span class='ocr_line' id='line_1_46' title="bbox 110 4135 1038 4207; baseline 0.004 -20"><span class='ocrx_word' id='word_1_355' title='bbox 110 4135 239 4202; x_wconf 82' lang='lat' dir='ltr'>relatore,</span> <span class='ocrx_word' id='word_1_356' title='bbox 258 4153 280 4189; x_wconf 91' lang='lat' dir='ltr'>s.</span> <span class='ocrx_word' id='word_1_357' title='bbox 299 4154 332 4189; x_wconf 83' lang='lat' dir='ltr'>au</span> <span class='ocrx_word' id='word_1_358' title='bbox 352 4152 394 4204; x_wconf 88' lang='lat' dir='ltr'>op.</span> <span class='ocrx_word' id='word_1_359' title='bbox 415 4142 457 4191; x_wconf 88' lang='grc'>36.</span> <span class='ocrx_word' id='word_1_360' title='bbox 630 4143 654 4191; x_wconf 86' lang='grc'>9.</span> <span class='ocrx_word' id='word_1_361' title='bbox 674 4136 766 4190; x_wconf 88' lang='lat' dir='ltr'>Ueber</span> <span class='ocrx_word' id='word_1_362' title='bbox 785 4153 824 4190; x_wconf 88' lang='lat' dir='ltr'>an</span> <span class='ocrx_word' id='word_1_363' title='bbox 842 4155 861 4190; x_wconf 89' lang='lat' dir='ltr'>s.</span> <span class='ocrx_word' id='word_1_364' title='bbox 880 4155 914 4190; x_wconf 82' lang='lat' dir='ltr'>zu</span> <span class='ocrx_word' id='word_1_365' title='bbox 933 4153 975 4207; x_wconf 85' lang='lat' dir='ltr'>op.</span> <span class='ocrx_word' id='word_1_366' title='bbox 997 4144 1038 4192; x_wconf 85' lang='lat'>13.</span> 
     </span>
    </p>

    <p class='ocr_par' dir='ltr' id='par_1_19' title="bbox 100 4204 1153 4278">
     <span class='ocr_line' id='line_1_47' title="bbox 100 4204 1153 4278; baseline 0.004 -20"><span class='ocrx_word' id='word_1_367' title='bbox 100 4204 256 4274; x_wconf 65' lang='lat' dir='ltr'>deliguntur</span> <span class='ocrx_word' id='word_1_368' title='bbox 284 4208 332 4261; x_wconf 88' lang='lat' dir='ltr'>ott.</span> <span class='ocrx_word' id='word_1_369' title='bbox 374 4208 406 4260; x_wconf 94' lang='lat' dir='ltr'>In</span> <span class='ocrx_word' id='word_1_370' title='bbox 434 4207 540 4262; x_wconf 87' lang='lat' dir='ltr'>diesem</span> <span class='ocrx_word' id='word_1_371' title='bbox 631 4214 672 4262; x_wconf 87' lang='lat'>10.</span> <span class='ocrx_word' id='word_1_372' title='bbox 692 4208 767 4261; x_wconf 85' lang='lat' dir='ltr'>nitro</span> <span class='ocrx_word' id='word_1_373' title='bbox 785 4206 815 4260; x_wconf 94' lang='lat' dir='ltr'>in</span> <span class='ocrx_word' id='word_1_374' title='bbox 833 4209 1021 4278; x_wconf 84' lang='lat' dir='ltr'>Anastrophe,</span> <span class='ocrx_word' id='word_1_375' title='bbox 1041 4226 1061 4265; x_wconf 90' lang='lat' dir='ltr'>s.</span> <span class='ocrx_word' id='word_1_376' title='bbox 1080 4208 1153 4262; x_wconf 85' lang='lat' dir='ltr'>Einl.</span> 
     </span>
    </p>

    <p class='ocr_par' dir='ltr' id='par_1_20' title="bbox 99 4273 743 4347">
     <span class='ocr_line' id='line_1_48' title="bbox 99 4273 743 4347; baseline 0.003 -18"><span class='ocrx_word' id='word_1_377' title='bbox 99 4273 134 4328; x_wconf 81' lang='lat' dir='ltr'>in</span> <span class='ocrx_word' id='word_1_378' title='bbox 163 4277 212 4330; x_wconf 92' lang='lat' dir='ltr'>der</span> <span class='ocrx_word' id='word_1_379' title='bbox 239 4276 371 4331; x_wconf 84' lang='lat' dir='ltr'>Weehsel</span> <span class='ocrx_word' id='word_1_380' title='bbox 403 4278 540 4333; x_wconf 82' lang='lat' dir='ltr'>zwisohen</span> <span class='ocrx_word' id='word_1_381' title='bbox 594 4284 617 4343; x_wconf 64' lang='grc' dir='ltr'>ξ.</span> <span class='ocrx_word' id='word_1_382' title='bbox 640 4285 699 4347; x_wconf 89' lang='grc'>116,</span> <span class='ocrx_word' id='word_1_383' title='bbox 719 4294 743 4331; x_wconf 92' lang='lat' dir='ltr'>a.</span> 
     </span>
    </p>

    <p class='ocr_par' dir='ltr' id='par_1_21' title="bbox 104 4346 1155 4417">
     <span class='ocr_line' id='line_1_49' title="bbox 104 4346 1155 4417; baseline 0.004 -19"><span class='ocrx_word' id='word_1_384' title='bbox 104 4346 156 4400; x_wconf 88' lang='lat' dir='ltr'>und</span> <span class='ocrx_word' id='word_1_385' title='bbox 181 4348 359 4417; x_wconf 72' lang='lat' dir='ltr'>Prtposition</span> <span class='ocrx_word' id='word_1_386' title='bbox 392 4349 539 4404; x_wconf 83' lang='lat' dir='ltr'>eharakte-</span> <span class='ocrx_word' id='word_1_387' title='bbox 631 4357 672 4404; x_wconf 89' lang='lat'>11.</span> <span class='ocrx_word' id='word_1_388' title='bbox 700 4351 809 4404; x_wconf 80' lang='lat' dir='ltr'>tuerere</span> <span class='ocrx_word' id='word_1_389' title='bbox 826 4349 879 4404; x_wconf 90' lang='lat' dir='ltr'>mit</span> <span class='ocrx_word' id='word_1_390' title='bbox 897 4350 959 4405; x_wconf 87' lang='lat' dir='ltr'>Abl.</span> <span class='ocrx_word' id='word_1_391' title='bbox 979 4351 1050 4405; x_wconf 83' lang='lat' dir='ltr'>statt</span> <span class='ocrx_word' id='word_1_392' title='bbox 1066 4350 1099 4403; x_wconf 84' lang='lat' dir='ltr'>in</span> <span class='ocrx_word' id='word_1_393' title='bbox 1116 4349 1155 4403; x_wconf 83' lang='lat' dir='ltr'>ist</span> 
     </span>
    </p>

    <p class='ocr_par' dir='ltr' id='par_1_22' title="bbox 98 4420 1154 4491">
     <span class='ocr_line' id='line_1_50' title="bbox 98 4420 1154 4491; baseline 0.003 -19"><span class='ocrx_word' id='word_1_394' title='bbox 98 4432 109 4466; x_wconf 69' lang='grc' dir='ltr'>ι.</span> <span class='ocrx_word' id='word_1_395' title='bbox 594 4420 775 4491; x_wconf 86' lang='lat' dir='ltr'>dichterisch,</span> <span class='ocrx_word' id='word_1_396' title='bbox 797 4421 868 4475; x_wconf 84' lang='lat' dir='ltr'>auch</span> <span class='ocrx_word' id='word_1_397' title='bbox 887 4427 912 4489; x_wconf 87' lang='lat'>4,</span> <span class='ocrx_word' id='word_1_398' title='bbox 933 4426 965 4474; x_wconf 83' lang='lat'>19</span> <span class='ocrx_word' id='word_1_399' title='bbox 984 4420 1154 4476; x_wconf 79' lang='lat' dir='ltr'>criminibus.</span> 
     </span>
    </p>
   </div>
   <div class='ocr_carea' id='block_1_5' title="bbox 904 4509 941 4564">
    <p class='ocr_par' dir='ltr' id='par_1_23' title="bbox 904 4509 941 4564">
     <span class='ocr_line' id='line_1_51' title="bbox 904 4509 941 4564; baseline 0 -22"><span class='ocrx_word' id='word_1_400' title='bbox 904 4509 941 4564; x_wconf 75' lang='grc'>6*</span> 
     </span>
    </p>
   </div>
   <div class='ocr_carea' id='block_1_6' title="bbox 0 0 1366 4762">
    <p class='ocr_par' dir='ltr' id='par_1_24' title="bbox 0 0 1366 4762">
     <span class='ocr_line' id='line_1_52' title="bbox 0 0 1366 4762; baseline 0 0"><span class='ocrx_word' id='word_1_401' title='bbox 0 0 1366 4762; x_wconf 95' lang='lat' dir='ltr'> </span> 
     </span>
    </p>
   </div>
  </div>
 </body>
</html>
