2752 4784
159 217 226 282 364
476 221 649 277 consumi
672 219 795 274 ricini
817 197 1016 273 anuinium

161 375 238 459 quid
269 395 408 438 manere.
463 371 518 436 sed
550 372 715 454 provisum
748 392 889 454 quonam
920 365 1016 433 modo
1052 386 1177 451 poenas
1211 388 1285 431 ever

161 463 208 527 rei
242 462 390 546 publicae
432 462 541 524 daret:
584 460 804 544 accingeretur
840 456 936 522 modo
973 478 1095 521 navare
1132 476 1266 539 operam

161 552 301 616 militum
327 550 498 614 acerrimos
522 548 635 613 ducere
658 549 693 611 in
715 550 837 631 partes,
866 567 904 610 ao
927 545 1027 630 digna
1048 544 1155 629 pretia
1177 566 1285 629 exspes

162 644 224 723 ret3
259 639 393 703 nomina
416 643 526 701 tamen
553 637 791 701 coniuratorum
814 635 952 699 reticuit.
997 633 1082 697 unde
1105 632 1237 697 Proculi
1259 634 1285 697 in

110 752 144 799 20
163 729 248 793 cium
270 728 404 790 inritum
426 727 502 809 fuit,
530 725 676 809 quamvis
701 746 739 787 ea
762 746 844 808 quae
869 723 1015 787 audierat
1037 722 1077 786 ad
1099 719 1265 786 Neronem

162 816 297 880 tulisset.
344 816 446 879 accita
470 816 587 898 quippe
601 813 771 896 Epicharis
795 817 828 877 et
851 833 924 876 cum
946 810 1052 875 indice
1070 810 1285 894 composituri

162 906 202 969 lis
225 904 363 968 testibus
387 903 529 966 innisum
552 902 645 966 facile
669 901 857 968 confirtavit.
895 900 950 964 sed
968 900 1042 983 ipsa
1063 900 1100 963 in
1122 900 1270 966 custodia

162 996 253 1057 tenta
276 996 340 1076 est,
364 994 567 1075 suspectante
581 989 711 1054 Nerone
728 990 817 1054 haud
839 990 924 1053 falsa
947 1010 1017 1053 esse
1036 987 1135 1053 etiam
1159 1009 1242 1072 quae
1264 1010 1283 1051 v

163 1104 230 1146 non
253 1081 484 1163 probabantur.

111 1174 154 1237 52
254 1168 437 1234 Coniuratis
460 1172 570 1232 tamen
593 1172 681 1231 metu
704 1166 897 1252 proditionis
919 1166 1075 1249 permotis
1094 1166 1250 1250 placitum
1272 1190 1285 1230 r

165 1263 273 1322 turare
304 1258 433 1322 eaedem
462 1257 547 1339 apud
568 1256 667 1320 Baias
695 1257 729 1319 in
751 1256 828 1320 villa
850 1255 992 1340 Pisonis,
1024 1254 1114 1319 cuius
1143 1256 1285 1319 amoenit

167 1351 279 1429 captus
309 1344 428 1410 Caesar
457 1346 568 1409 erebro
600 1345 781 1409 ventitabat
807 1345 1003 1428 balneasque
1035 1346 1068 1407 ct
1099 1344 1211 1426 epulas
1237 1344 1285 1408 ini

168 1434 295 1499 omissis
320 1434 461 1497 excubiis
486 1438 518 1497 et
540 1434 689 1497 fortunae
712 1455 788 1496 suae
811 1434 904 1497 mole.
954 1432 1010 1496 sed
1038 1432 1154 1496 abnuit
1176 1430 1264 1509 Piso,

132 1522 288 1595 aridium
311 1522 537 1605 praetendens,
571 1522 598 1585 si
633 1545 724 1586 sacra
753 1543 883 1586 mensae
915 1521 1011 1606 dique
1038 1521 1219 1603 hospitales
1246 1544 1285 1585 ea

168 1611 411 1696 qualiscumque
439 1610 594 1694 principis
623 1614 879 1674 cruentarentur:
911 1610 1025 1673 melius
1054 1610 1141 1692 apud
1168 1610 1276 1673 urbem

166 1700 224 1763 illa
245 1699 350 1763 invisa
374 1702 406 1763 et
429 1700 540 1782 spoliis
565 1699 682 1762 civium
706 1703 868 1763 exstructa
891 1699 986 1763 domo
1008 1698 1060 1761 vel
1083 1698 1118 1762 in
1135 1698 1285 1781 publico]

166 1791 308 1852 traturos
332 1788 417 1871 quod
440 1810 498 1870 pro
518 1809 552 1850 re
575 1788 704 1870 publica
727 1787 952 1871 suscepissent.
996 1786 1078 1851 haec
1104 1787 1140 1850 in
1164 1808 1285 1851 commu

168 1880 307 1941 ceterum
329 1878 444 1940 timore
469 1876 606 1959 occulto,
634 1899 674 1940 nc
697 1875 731 1940 L.
756 1875 884 1941 Silanus
913 1876 1030 1940 eximia
1056 1875 1228 1940 nobilitate
1249 1876 1285 1940 dii

116 1991 149 2039 10
167 1966 318 2049 plinaque
341 1964 376 2029 O.
399 1963 515 2048 Cassii,
540 1964 624 2048 apud
647 1987 743 2048 quern
766 1965 919 2029 educatus
943 1966 1024 2048 erat,
1053 1964 1094 2028 ad
1122 1986 1250 2030 omnem
1276 1988 1285 2029 t

168 2054 340 2118 ritudinem
364 2054 508 2117 sublatus
533 2054 702 2136 imperium
724 2053 903 2135 invaderet,
925 2056 1075 2136 prompte
1099 2052 1223 2119 datuns
1245 2076 1285 2138 qu

169 2142 389 2207 coniuratione
413 2143 530 2226 integri
554 2146 663 2206 essent
686 2144 804 2227 quique
827 2143 1057 2206 miserarentur
1074 2140 1240 2208 Neronem
1259 2147 1285 2207 ta

169 2253 265 2314 quam
288 2252 345 2313 per
369 2231 471 2293 scelus
494 2232 706 2294 interfectum.
751 2232 894 2314 plerique
908 2230 1037 2296 Vestini
1056 2252 1185 2316 quoque
1203 2254 1285 2296 consi

170 2340 242 2382 acre
265 2319 432 2402 ingenium
455 2319 610 2382 vitavisse
629 2318 781 2383 Pisonem
805 2320 1018 2404 crediderunt,
1039 2340 1081 2383 nc
1101 2320 1143 2384 ad
1161 2320 1285 2385 liber-tat

117 2432 150 2480 15
170 2410 327 2488 oreretur,
359 2407 409 2469 vel
443 2407 564 2470 delecto
593 2407 786 2489 imperatore
814 2409 878 2472 alio
907 2409 958 2472 sui
984 2408 1127 2472 muneris
1149 2430 1219 2473 rem
1240 2410 1285 2495 pu'

170 2516 240 2559 cam
264 2493 392 2557 faceret.
439 2495 558 2557 etenim
583 2516 695 2578 expers
719 2497 951 2561 coniurationis
971 2500 1053 2580 erat,
1076 2499 1225 2581 quamvis
1248 2521 1285 2581 su]

170 2605 208 2647 6ο
232 2582 364 2646 crimine
388 2580 475 2646 Nero
498 2586 590 2646 vetus
615 2583 783 2648 adversum
807 2586 969 2649 insontem
992 2585 1103 2650 odium
1126 2588 1285 2671 expleveri'

208 2782 249 2829 16.
268 2776 325 2829 Das
343 2774 487 2829 indefinite
506 2778 574 2843 quid
592 2779 662 2831 statt
680 2777 729 2830 des
820 2783 844 2831 8.
859 2779 924 2831 haec
939 2778 1121 2833 incommune
1137 2780 1285 2849 „sosprael

170 2846 313 2900 starkeren
323 2848 472 2914 quidquam
481 2846 570 2901 findet
583 2847 643 2901 sich
657 2848 729 2902 auch
782 2866 832 2902 ror
842 2848 997 2904 Anderen“.
1016 2848 1074 2903 Das
1082 2848 1216 2920 fulgenda
1229 2856 1285 2905 ectu

170 2918 305 2971 zcrstreut
335 2916 383 2970 bei
416 2916 526 2984 Oiccro;
560 2919 627 2972 aber
659 2920 730 2974 statt
784 2920 828 2987 (=
842 2922 954 2987 reuera)
969 2919 1071 2975 eiecit
1084 2920 1140 2975 den
1154 2920 1283 2992 cigentlic

170 2990 260 3042 saucu
286 2988 338 3041 hat
364 2987 410 3042 die
432 2988 587 3043 Handschr.
611 2992 729 3055 acantici,
784 2988 881 3043 Grund
894 3008 956 3046 aus:
971 2990 1019 3059 „in
1032 2991 1082 3045 der
1091 2991 1169 3047 Thac
1182 2994 1272 3059 aber‘,

170 3075 228 3112 was
243 3058 295 3112 auf
308 3058 474 3113 eineLr'icko
487 3059 640 3115 schliessen
651 3061 728 3129 13661,
785 3068 827 3129 14,
847 3067 890 3116 58.
910 3068 952 3130 16,
971 3068 1006 3115 33
1024 3063 1084 3116 und
1103 3062 1185 3119 diter.

171 3129 317 3183 vielleieht
339 3130 488 3197 quidquam
507 3134 688 3186 audacitatis.
821 3139 844 3185 3.
870 3132 901 3187 L.
923 3132 1022 3186 Junius
1043 3132 1156 3191 Silanus
1178 3135 1285 3204 Torqua·

208 3206 251 3253 30.
271 3200 395 3267 quamuis
414 3202 484 3254 statt
501 3219 673 3270 questuquuut.
702 3202 729 3255 S.
786 3202 862 3256 Sohn
877 3203 925 3257 des
939 3220 994 3258 von
1004 3204 1163 3275 Agrippina
1175 3206 1285 3277 vergine

171 3270 243 3322 Einl.
264 3275 288 3334 ξ.
304 3276 364 3323 106.
383 3340 388 3350 ⁴
784 3273 822 3329 M.
843 3273 952 3328 Silanus
976 3277 1007 3343 (s.
1023 3279 1108 3344 13,1)
1133 3276 1205 3331 wird
1222 3276 1285 3331 noct

208 3347 250 3393 31.
270 3345 418 3407 corrtpostta
437 3341 655 3408 ‚,confr0ntirt“.
694 3344 730 3398 So
786 3344 891 3399 diesem
908 3346 993 3400 Jahro
1012 3352 1047 3401 66
1070 3348 1210 3403 verbannt
1230 3347 1283 3402 und

171 3410 242 3465 wird
278 3426 434 3478 computrere
469 3413 624 3480 gebraucht
666 3432 731 3468 vom
784 3415 899 3469 Barium
917 3416 948 3470 in
966 3416 1087 3485 Apulien
1112 3418 1164 3473 auf
1179 3420 1272 3475 Nero's

172 3480 440 3552 Gegenflberstcllen
467 3482 566 3538 uwcier
586 3484 730 3554 K'ampfer.
784 3486 845 3541 fehl
862 3488 1011 3542 ermordet
1032 3495 1073 3557 16,
1094 3496 1172 3547 7-9.

208 3560 250 3609 33,
271 3559 425 3623 urspecture
439 3555 510 3607 statt
522 3557 669 3623 suspicari,
687 3574 731 3610 su-
821 3564 864 3613 10.
882 3557 975 3613 Ucber
989 3558 1019 3614 0.
1035 3558 1162 3627 Onasus,
1176 3562 1226 3617 der
1238 3558 1285 3631 glei

172 3631 291 3694 spectum
309 3625 405 3678 lactere
427 3623 465 3678 ist
488 3625 658 3680 Taciteiseh:
689 3634 730 3696 13,
785 3628 872 3699 zoitig
880 3630 954 3684 nach
962 3629 1110 3685 Sardinien
1119 3631 1285 3703 deportirtw

173 3702 215 3750 41.
237 3703 277 3763 12,
298 3702 331 3750 65
350 3696 408 3749 und
427 3696 507 3750 diter.
786 3718 805 3755 s.
825 3718 859 3753 zu
879 3707 920 3768 12,
941 3707 982 3755 11.

208 3767 256 3821 5⁸2.
276 3774 300 3822 4.
328 3767 423 3820 Durch
442 3767 509 3821 ruole
527 3767 597 3821 wird
616 3768 731 3839 lastigcs
823 3777 863 3825 11.
874 3772 977 3840 iutepcr
986 3790 1012 3840 a,
1022 3772 1087 3827 sehr
1095 3774 1195 3845 seItcu,
1206 3772 1285 3831 auch]

173 3835 290 3906 Gefolgc
308 3837 478 3893 bezeichnet.
787 3848 812 3909 9,
824 3848 856 3895 41
872 3844 959 3911 peutts
972 3844 1095 3913 integrae
1109 3862 1128 3899 u
1141 3845 1285 3902 cladibiut

209 3914 233 3961 6.
263 3923 344 3962 sacru
374 3909 443 3977 „die
472 3908 651 3979 Heiligkeit“
683 3910 732 3964 der
825 3919 866 3966 14.
886 3914 923 3967 ud
941 3914 1091 3969 libertatem
1113 3918 1186 3971 oriri
1208 3917 1272 3987 „die

173 3976 469 4046 Tischgemeinschaft.
489 3980 553 4050 Vgl.
566 3987 589 4049 1,
600 3987 633 4034 43
648 3997 730 4036 sacru
787 3983 888 4051 publik
910 3984 1084 4040 herstellen“
1112 3988 1201 4057 (suu
1225 4004 1285 4043 aaut

174 4050 324 4119 legationis.
346 4056 430 4117 13,17
446 4053 731 4107 iutersucrameusae.
787 4056 825 4108 ist
847 4071 917 4109 neue
935 4054 1048 4111 Phrasc.
1090 4056 1156 4129 vgl.
1174 4058 1252 4130 Virg.
1273 4058 1285 4111 1

209 4127 234 4175 6.
253 4120 330 4200 apud
348 4121 440 4173 urbem
459 4121 510 4189 „in
528 4122 630 4177 Rom“.
788 4132 813 4192 4,
825 4132 876 4180 636
896 4128 1021 4181 excitare
1034 4128 1146 4197 aliquis.
1169 4130 1285 4187 Dafitrst

210 4197 232 4247 7.
253 4190 306 4244 D1e
321 4189 450 4260 Stellung
469 4192 519 4245 der
534 4194 668 4248 betonten
682 4193 732 4248 At·
788 4198 897 4251 reddere
915 4198 1064 4253 libertatem
1082 4206 1107 4269 3,
1127 4206 1170 4257 83.

172 4264 279 4318 tribute
301 4278 351 4316 vor
374 4263 451 4315 ctoriae
474 4262 512 4316 ist
539 4264 591 4319 wie
615 4266 681 4320 dial.
700 4271 732 4318 13
825 4273 867 4322 16,
885 4269 931 4321 sut
948 4272 1070 4325 isumus
1095 4290 1153 4341 „au
1171 4272 1275 4329 seinem

174 4336 251 4403 apud
266 4335 326 4387 illos
335 4333 379 4387 rus
387 4334 491 4402 pereites
499 4350 643 4404 sacrosque
653 4352 732 4407 repes.
789 4338 940 4393 schenke“.
