2752 4784
152 244 215 309 196
471 250 644 305 CORNELII
662 250 786 305 TAOITI
804 248 1003 305 ANNALIUM

149 404 290 486 prorutis
313 424 370 485 per
392 404 574 466 inmensum
597 401 766 483 aedificiis,
793 402 831 463 ut
852 401 1025 465 continuae
1043 400 1221 465 violentiae
1243 422 1328 467 eam-

149 514 210 575 pus
234 495 267 556 et
289 492 377 555 velut
398 512 534 555 vacuum
557 489 681 553 caelum
705 492 893 553 occurreret.
944 489 1083 554 necdum
1111 490 1241 573 positus
1263 510 1327 554 me-

152 584 219 662 tus,
243 583 275 643 et
288 580 413 644 redibat
430 579 517 643 haud
531 578 633 642 levius
648 600 777 641 rursum
791 581 958 662 grassatus
977 578 1064 663 ignis
1076 578 1201 662 patulis
1224 579 1328 664 magis

115 668 238 737 curbis
262 669 355 751 loeis,
388 689 488 752 eoque
518 671 644 751 strages
676 666 842 730 hominum
866 666 984 730 minor:
1017 666 1152 731 delubra
1175 666 1274 731 deum
1296 672 1326 731 et

150 757 295 840 porticus
318 756 506 821 amoenitati
530 756 654 819 dicatae
676 755 774 819 latius
797 754 970 837 procidere.
1014 755 1150 839 plusque
1172 754 1326 821 infamiae

149 845 182 908 id
213 846 398 910 incendium
428 845 556 927 habuit,
588 844 664 928 quia
693 843 832 927 praediis
855 843 1009 928 Tigellini
1030 841 1225 909 Aemilianis
1256 866 1326 928 pro

150 938 282 1016 ruperat
314 933 544 1016 videbaturque
567 930 654 996 Nero
688 932 872 996 condendae
894 933 983 997 urbis
1006 953 1112 997 novae
1142 935 1177 997 et
1209 954 1325 1019 eogno-

150 1026 260 1085 mento
284 1045 342 1087 suo
367 1021 577 1106 appellandae
606 1021 742 1104 gloriam
772 1042 932 1104 quaerere.
978 1021 1096 1105 quippe
1120 1020 1156 1085 in
1177 1022 1326 1107 regiones

98 1130 133 1179 10
152 1111 408 1194 quattuordecim
430 1108 535 1174 Roma
558 1109 722 1192 dividitur,
750 1131 886 1193 quarum
915 1112 1068 1193 quattuor
1089 1109 1239 1195 integrae
1261 1132 1325 1175 nra·

150 1199 290 1283 nebant,
317 1202 384 1263 tres
408 1199 476 1263 solo
500 1201 594 1261 tenus
618 1198 772 1279 deiectam
801 1198 923 1281 septem
946 1198 1077 1283 reliquis
1100 1220 1208 1281 pauca
1228 1202 1324 1263 testo-

149 1310 221 1351 rum
244 1288 384 1372 vestigia
407 1290 609 1370 supererant,
632 1287 738 1350 lacera
762 1290 793 1349 et
817 1289 968 1351 semusta.

53 1375 137 1506 741
237 1374 400 1440 Domuum
424 1378 456 1438 et
478 1375 657 1439 insularum
685 1377 718 1438 et
740 1376 948 1458 templorum,
981 1395 1063 1460 quae
1091 1376 1218 1441 amissa
1244 1380 1324 1455 sunt,

147 1486 318 1527 numerum
350 1465 431 1527 inire
463 1464 550 1527 haud
582 1467 767 1547 promptum
799 1463 910 1527 fuerit:
943 1464 998 1528 sed
1028 1464 1253 1529 vetustissime
1277 1484 1321 1529 re·

148 1552 277 1636 ligione,
301 1552 385 1637 quod
409 1550 536 1616 Servius
559 1552 683 1616 Tullius
707 1551 831 1636 Lunae,
859 1555 892 1616 et
913 1572 1034 1637 magna
1062 1574 1121 1617 ara
1147 1552 1321 1639 fanumque

149 1662 231 1724 quae
262 1642 425 1724 praesenti
458 1640 591 1705 Herculi
622 1641 725 1705 Arcas
755 1640 907 1704 Evander
939 1644 1135 1726 sacraverat,
1166 1642 1321 1727 aedesque

113 1726 288 1798 obtatoris
325 1730 412 1794 Iovis
449 1732 524 1793 vota
561 1730 700 1794 Romulo
736 1727 925 1813 Numaeque
962 1730 1051 1814 regia
1087 1733 1121 1793 et
1156 1730 1322 1797 delubrum

148 1816 267 1882 Vestae
297 1841 370 1883 eum
397 1818 573 1883 Penatibus
606 1818 717 1902 populi
740 1817 880 1881 Romani
910 1820 1036 1903 exusta;
1066 1818 1133 1881 iam
1163 1840 1244 1903 opes
1275 1822 1322 1883 tot

148 1906 292 1971 victoriis
316 1908 481 1992 quaesitae
527 1910 559 1970 et
591 1905 786 1971 Graecorum
811 1907 930 1971 artium
952 1906 1084 1991 deeora,
1113 1906 1191 1972 exin
1213 1928 1323 1973 monu-

148 1998 258 2059 menta
280 1996 484 2080 ingeniorum
509 1996 642 2080 antiqua
665 1999 698 2059 et
720 1996 922 2079 incorrupta,
946 1996 1092 2079 quamvis
1111 1996 1147 2059 in
1163 1998 1262 2061 tanta
1277 2016 1322 2061 re

149 2085 311 2168 surgentis
335 2085 424 2149 urbis
447 2084 698 2168 pulchritudine,
721 2085 825 2147 multa
843 2084 983 2148 seniores
997 2084 1222 2169 meminerint,
1245 2106 1323 2171 quae

95 2192 129 2241 10
148 2172 290 2255 reparari
313 2173 501 2257 nequibant.
550 2172 638 2237 fuere
667 2173 721 2257 qui
749 2172 943 2238 adnotarent
965 2170 1063 2237 XHII
1090 2172 1164 2237 Kal.
1189 2170 1323 2239 Sextiles

147 2261 342 2343 principium
362 2262 502 2325 incendii
521 2261 616 2325 huius
637 2265 755 2345 ortum,
775 2283 838 2345 quo
857 2260 1047 2405 ptSenones
1066 2264 1200 2346 captain
1213 2262 1323 2329 urbem

899 2366 931 2471 t

186 2528 210 2575 2.
229 2524 383 2576 invasurum
405 2524 448 2577 als
467 2523 637 2591 Substantiv,
661 2525 708 2577 bei
798 2530 822 2577 9.
843 2524 933 2577 Ueber
956 2522 1002 2577 die
1028 2530 1061 2577 14
1079 2522 1229 2593 Regionen
1250 2542 1272 2579 s.
1291 2544 1323 2579 zu

150 2593 216 2647 Tae.
227 2588 277 2645 oin.
289 2591 349 2661 etp,
361 2594 601 2663 istureprbnglich
611 2596 708 2662 (sehon
764 2601 805 2661 14,
827 2601 867 2649 12.

151 2663 204 2717 seit
213 2663 327 2731 Lucrez)
338 2664 521 2732 dichteriseh,
536 2664 590 2720 seit
603 2664 708 2721 Sallust

148 2734 206 2788 nnd
224 2734 319 2789 Livius
339 2737 411 2790 auch
428 2736 459 2790 in
478 2736 527 2790 der
546 2736 639 2792 Prosa.
797 2753 846 2809 41,
868 2759 891 2806 1‚
928 2754 1036 2807 imppp
1053 2751 1117 2807 sind
1135 2770 1232 2835 ΨΜ,
1249 2754 1324 2809 mu.

184 2812 209 2861 3·
233 2823 351 2888 mum
373 2809 477 2862 mlum
503 2807 542 2860 ili
565 2808 627 2861 eine
650 2808 707 2877 ΗΥ·
763 2841 870 2878 sereom
890 2824 965 2891 lexe,
991 2822 1037 2879 die
1059 2824 1234 2881 vermrethet
1254 2844 1325 2880 wur-

148 2877 469 2945 perbel,d1ebedeutet,
484 2878 548 2933 dass
562 2878 708 2933 dasFeuer
763 2894 825 2949 den,
890 2894 958 2949 aher
979 2895 1136 2949 implam
1158 2894 1250 2967 eim,
1277 2897 1325 2953 (191

149 2948 222 3001 nach
250 2948 341 3002 dieser
360 2949 436 3004 Scite
463 2949 546 3004 keine
571 2950 709 3019 Nahruug
764 2984 811 3019 zur
829 2964 936 3021 Miethe
954 2966 1059 3020 wohnt,

149 3020 352 3145 milrdillidat
403 3089 459 3145 Das
487 3090 637 3159 [morsm
669 3091 709 3159 ,in
762 3061 822 3177 As.
843 3053 898 3107 Der
913 3054 1031 3123 Tempel
1048 3052 1099 3108 der
1112 3054 1194 3109 Luna
1211 3056 1261 3127 lag
1279 3072 1324 3111 am

151 3160 200 3213 der
218 3160 372 3215 Hnndsehr.
392 3162 522 3229 rediebat)
545 3162 709 3216 bezeichnet
788 3122 919 3179 lentim
937 3125 1010 3179 ΠΜ]
1029 3124 1094 3181 dem
1104 3124 1203 3180 (ΗΜ
1218 3144 1260 3195 ²¹¹¹
1279 3126 1324 3181 dii

220 3250 224 3262 1
289 3236 295 3262 ,
340 3230 346 3241 ·
570 3232 576 3243 .
762 3212 864 3264 strapas
884 3214 935 3249 ura
955 3196 1023 3249 oder
1040 3212 1094 3251 ara
1110 3198 1237 3253 mcxirau
1255 3196 1323 3251 Her-

148 3229 709 3358 leuelilltristent
847 3266 898 3321 ,f
911 3265 1233 3323 cromnam
1246 3268 1324 3323 cc

149 3370 708 3513 {lillud⁰¹2;„1{³⁸,333frf,slpgg
763 3336 1258 3467 restrueretur
1275 3339 1324 3465 lt

148 3515 270 3567 nentina
288 3520 404 3583 quintus
427 3533 445 3567 a
467 3516 708 3583 victorianensis,
763 3478 1168 3621 Τέἶξῐῇἓέοξξὶξὶἰᾷξπὲῖξῖἓῖ
1177 3480 1324 3607 ἀξέᾱᾞ

148 3590 174 3720 Ξῖ
194 3586 707 3727 gsslffl'ffigsoalgglffiaslpmu}13⁴2}
762 3568 972 3675 lustrasset
991 3620 1191 3677 Sfldwestseite
1210 3622 1261 3678 des
1273 3624 1324 3679 Fo-

149 3732 225 3793 4,·25.
244 3730 300 3783 ianr
319 3735 344 3794 4,
354 3735 396 3781 23.
418 3728 706 3797 iiclm·z'1ahist.2,t38.
762 3710 844 3745 ΠΜ
1172 3780 1179 3793 ,

152 3796 249 3851 zuein
267 3799 314 3853 oei
332 3798 437 3869 vogn
457 3800 510 3853 sea
529 3798 633 3854 snum
651 3802 708 3854 unu
765 3852 770 3863 ,
799 3789 822 3837 ⁰-
844 3782 901 3835 Dus
919 3781 1003 3835 veru.
1022 3798 1056 3835 ω
1074 3796 1137 3849 opes
1159 3780 1234 3851 negt
1251 3782 1323 3838 noch

149 3866 245 3920 Livius
260 3870 323 3923 sehr
337 3870 489 3924 veruinzelt
506 3871 536 3924 iu
550 3871 599 3925 der
612 3871 708 3938 Prosu,
762 3871 792 3905 ¹¹¹
810 3858 914 3907 exmia·

150 3938 276 4007 httufigcr
293 3941 339 3994 boi
358 3942 502 4010 Apulejus.
801 3948 841 3995 10.
861 3941 917 3995 Das
936 3940 1042 3995 Datum
1059 3938 1138 3993 Xllll
1156 3940 1221 3997 Kal.
1239 3942 1326 4007 Sext..

186 4008 272 4063 uuio
281 4010 505 4080 Aemiliana,wo
515 4012 591 4066 diosc
601 4012 709 4067 tlrund-
763 4013 801 4066 ist
826 4012 944 4081 riehtig,
973 4028 1056 4065 wenn
1083 4028 1151 4065 man
1175 4012 1326 4076 aunimnrt.

150 4080 248 4134 sttielre
266 4080 364 4149 lugon,
382 4082 478 4137 bildeu
493 4084 574 4137 cinon
592 4084 707 4139 kleinen
765 4084 828 4137 dass
854 4083 900 4137 die
928 4082 1035 4137 Gallier
1059 4082 1149 4137 sehon
1174 4100 1224 4137 am
1246 4084 1270 4139 Τ

150 4150 305 4205 Stadtthoil
332 4151 469 4209 zrvisehou
503 4154 566 4209 dem
593 4154 708 4225 Capitol
762 4155 835 4207 nauh
863 4155 912 4208 der
940 4152 1075 4209 Sohlaeht
1100 4170 1138 4208 au
1165 4154 1217 4209 der
1239 4154 1328 4220 Alba,

149 4223 206 4275 und
225 4222 290 4277 dem
309 4221 513 4305 Quirinalis.
532 4226 628 4307 'Ueber
642 4244 707 4295 pro·
762 4225 807 4279 die
827 4225 881 4279 don
896 4224 1006 4279 1s.-²Juli
1024 4224 1092 4307 oder
1104 4222 1157 4279 XV
1170 4224 1236 4281 Kal.
1248 4224 1327 4281 Sext.

149 4294 556 4435 ll'ttttlttblllb
665 4304 706 4365 ¹³¹
762 4294 1327 4434 'lllltultttllll‘tttttl
