2722 4762
170 174 235 238 134
490 173 664 228 CORNELII
682 171 805 227 TACITI
823 172 1022 227 ANNALIUM

168 336 319 402 disseruit
346 357 413 400 non
435 335 620 419 Philippum
644 334 912 418 Atheniensibus,
939 326 1007 399 non
1029 332 1172 419 Pyrrum
1202 356 1218 398 a

126 442 159 490 10
171 424 314 490 tiochum
332 424 451 508 populo
466 423 613 489 Romano
628 423 761 508 perinde
775 422 964 488 metuendos
982 422 1093 488 fuisse.
1126 426 1218 487 extat

169 536 233 598 qua
255 513 513 599 magnitudinem
537 513 613 595 viri,
635 513 823 577 violentiam
847 513 1065 578 subiectarum
1088 511 1120 575 ei
1143 513 1218 597 gent

168 625 265 686 quarn
287 602 488 687 propinquus
512 601 626 666 Italiae
649 601 762 679 hostis,
785 622 906 685 suaque
928 602 963 666 in
986 599 1183 665 destruendo
1208 622 1218 664 ε

169 691 241 756 silis
278 692 402 756 extulit.
440 696 472 756 et
505 690 724 756 Maroboduus
757 690 887 775 quidem
917 690 1092 755 Ravennae
1130 688 1218 753 habit

168 780 297 864 quando
321 780 552 846 insolescerent
579 778 689 863 Suebi,
713 779 808 864 quasi
829 778 992 844 rediturus
1015 778 1051 842 in
1072 798 1215 863 regnum

125 883 158 934 15
168 868 312 955 tabatur3
340 869 395 933 sed
423 891 489 933 non
520 867 656 933 excessit
677 867 774 932 Italia
800 889 858 951 per
885 865 1109 951 duodeviginti
1137 888 1218 930 ann(

167 959 337 1042 sonuitque
356 958 493 1022 multum
516 958 688 1021 imminuta
707 956 854 1023 claritate
878 956 920 1021 ob
943 955 1079 1020 nimiam
1102 954 1218 1020 vivend

166 1047 283 1111 dinem.
319 1046 405 1110 idem
428 1044 606 1112 Catualdae
634 1067 728 1111 casus
750 1066 855 1130 neque
882 1044 969 1110 aliud
995 1043 1192 1129 perfugium.

165 1134 253 1199 haud
287 1134 389 1199 multo
426 1139 502 1218 post
537 1134 839 1199 Hermundurorum
859 1133 988 1217 opibus
1026 1135 1058 1197 et
1092 1131 1218 1197 Vibilio

166 1227 377 1307 receptusque
418 1222 540 1287 Forum
576 1223 708 1306 Iulium,
744 1220 966 1287 Narbonensis
1004 1220 1129 1286 Galliae
1170 1222 1218 1286 ool

122 1326 156 1375 20
166 1311 316 1375 mittitur.
357 1312 489 1376 barbari
525 1314 698 1395 utrumque
736 1311 882 1377 comitati
917 1332 959 1375 ne
995 1309 1122 1395 quietas
1157 1331 1218 1393 pro

164 1399 307 1464 immixti
339 1400 521 1482 turbarent,
544 1400 732 1465 Danuvium
763 1400 851 1464 ultra
879 1400 965 1465 inter
991 1398 1126 1462 flumina
1148 1396 1218 1462 Mar

166 1486 286 1552 Ousum
308 1489 467 1573 locantur,
492 1490 568 1553 dato
592 1510 667 1574 rege
690 1487 820 1554 Vannio
844 1488 951 1574 gentis
975 1485 1171 1562 Quadorum.

112 1576 155 1640 64
254 1574 358 1641 Simul
389 1577 538 1642 nuntiato
571 1598 681 1663 regem
712 1577 873 1641 Artaxian
903 1577 1069 1640 Armeniis
1102 1598 1122 1639 a
1150 1575 1218 1640 Ger

165 1664 287 1750 datum,
310 1665 477 1731 decrevere
500 1669 609 1749 patres
637 1670 674 1730 ut
697 1665 907 1731 Germanicus
936 1668 1032 1748 atque
1056 1664 1183 1729 Drusus
1208 1687 1218 1729 r

164 1753 278 1818 urbem
301 1755 482 1820 introirent.
520 1755 636 1820 structi
655 1759 688 1819 et
710 1776 804 1819 arcus
824 1755 944 1819 circum
966 1755 1070 1818 latera
1092 1754 1206 1837 templi

164 1841 290 1908 Ultoris
323 1866 396 1910 cum
430 1844 538 1928 effigie
561 1842 749 1926 Caesarum,
780 1843 915 1907 laetiore
943 1842 1085 1926 Tiberio,
1119 1843 1196 1927 quia

129 1933 323 2016 asapientia
354 1933 556 2016 firmaverat,
589 1955 686 2016 quam
715 1931 743 1995 si
779 1931 901 1996 bellum
930 1953 988 2015 per
1020 1931 1106 1995 acies
1140 1930 1218 1995 cont

164 2020 264 2105 igitur
286 2020 523 2105 Rhescuporim
547 2043 682 2105 quoque,
706 2019 882 2085 Thraeciae
904 2041 1023 2105 regem,
1046 2023 1121 2084 astu
1145 2019 1218 2104 adgr

164 2130 294 2172 omnem
317 2130 389 2172 earn
421 2110 588 2174 nationem
618 2108 864 2174 Rhoemetalces
896 2110 1058 2192 tenuerat,
1089 2129 1154 2192 quo
1187 2108 1218 2171 d<

164 2190 332 2280 Augustus
355 2201 482 2281 partem
504 2197 685 2263 Thraecum
708 2197 945 2281 Rhescuporidi
977 2196 1071 2261 fratri
1100 2199 1183 2280 eius,
1212 2219 1218 2282 ]

164 2284 230 2349 filio
254 2284 352 2369 Cotyi
373 2286 532 2369 permisit.
567 2287 603 2350 in
635 2309 673 2350 ea
705 2286 861 2351 divisione
893 2307 971 2350 arva
1002 2287 1036 2350 et
1058 2285 1155 2351 urbes
1179 2290 1211 2349 et

122 2371 296 2438 10Graecis
316 2372 423 2459 Cotyi,
442 2376 528 2459 quod
545 2375 713 2458 incultum,
731 2375 831 2459 ferox,
846 2374 1005 2440 adnexum
1018 2372 1179 2458 hostibus,
1197 2373 1218 2436 Ε

164 2462 270 2544 poridi
290 2463 400 2547 cessit3
419 2463 627 2548 ipsorumque
646 2485 759 2549 regum
777 2463 917 2548 ingenia,
939 2463 989 2527 illi
1006 2461 1087 2527 mite
1106 2464 1140 2526 et
1159 2485 1218 2526 am<

163 2550 238 2615 huie
257 2553 359 2637 atrox,
379 2552 509 2617 aridum
529 2557 562 2618 et
580 2553 746 2618 societatis
764 2553 929 2636 inpatiens
949 2555 1027 2616 erat.
1064 2551 1120 2616 sed
1139 2552 1218 2635 prim

201 2713 242 2761 11.
268 2725 324 2778 qao
341 2710 560 2779 moestitudinem
573 2710 630 2764 uiri
648 2741 681 2749 —-
700 2715 726 2765 et
815 2715 858 2763 22.
877 2709 933 2763 Der
956 2707 1045 2764 Cusus
1062 2707 1102 2762 ist
1119 2706 1201 2762 nieht

163 2796 246 2847 quam
275 2781 450 2850 propinquus
484 2783 533 2837 ott.
568 2781 629 2836 eine
656 2781 724 2836 Ver·
779 2780 897 2842 weisen;
916 2797 963 2834 arn
980 2779 1097 2834 rechten
1105 2778 1174 2834 Ufer
1188 2778 1217 2832 fli

164 2850 278 2923 letaung
297 2852 346 2906 der
365 2852 553 2921 concinnitat
573 2853 626 2906 wie
646 2858 671 2919 4,
690 2859 723 2905 31
780 2852 872 2907 Gusen
885 2850 915 2904 in
931 2849 1201 2906 obet-Oesterreich.

162 2938 268 2991 ynarus
285 2924 427 2979 meliorum
445 2930 470 2978 et
487 2941 557 2993 qaae
580 2925 658 2992 fama
676 2924 725 2978 cu·
779 2922 850 2990 nius,
868 2921 908 2975 im
925 2921 951 2976 J.
971 2927 1005 2976 50
1028 2920 1167 2976 ebenfalls
1186 2937 1218 2976 vo

163 2995 461 3064 mentiamsequeretur.
472 2995 579 3050 suini.
587 3000 725 3062 §.119‚12.
779 2993 834 3047 lius
854 2991 1021 3061 vertrieben,
1039 2991 1110 3046 wird
1127 2991 1158 3046 in
1176 2992 1218 3045 Pa·

200 3071 241 3118 12.
279 3066 415 3120 dostram
440 3066 494 3119 mit
521 3065 726 3135 perstulichem
781 3063 1004 3133 anigenommen.
1029 3093 1063 3102 -
1089 3062 1142 3116 Die
1162 3063 1218 3128 Qua

165 3133 282 3204 Objecte
300 3136 352 3189 hat
365 3136 461 3190 ausser
475 3137 589 3190 Tacitus
603 3154 656 3189 nur
674 3136 723 3190 der
778 3135 895 3190 M'ahren
915 3133 1047 3201 sesshalt,
1073 3133 1187 3188 werden
1211 3152 1218 3183 r

160 3204 279 3274 jiingere
292 3205 408 3259 Plinius.
423 3206 723 3275 Ueberhauptkommt
778 3205 851 3259 citus
875 3207 966 3259 zuerst
989 3205 1124 3259 erwahnt.
1161 3203 1218 3274 Vgl

164 3290 194 3327 es
222 3275 252 3328 in
284 3275 442 3344 tropisoher
469 3276 635 3345 Bedeutung
666 3279 723 3331 erut
778 3283 821 3330 42.
856 3276 902 3330 Sis
921 3275 1105 3344 sindspbter‚
1124 3273 1216 3329 bisin

107 3391 110 3396 .
164 3344 218 3399 seit
238 3344 311 3400 Ovio
329 3345 503 3401 und·Lirius
521 3362 579 3400 vor.
776 3346 978 3416 Jahrhundert,
992 3344 1218 3416 gefahrlicheFei

201 3422 243 3472 14.
267 3416 423 3471 insolescere
441 3417 514 3471 auch
533 3434 576 3486 op.
597 3423 639 3473 75.
657 3417 722 3472 hist.
776 3418 886 3472 Romer.

165 3494 194 3556 2,
215 3494 244 3554 ῖς
278 3489 356 3542 sonet
382 3506 435 3542 nur
462 3487 509 3542 bei
532 3488 639 3542 Sallust
664 3489 723 3543 und
814 3487 863 3545 64.
901 3494 926 3542 1.
962 3489 1093 3543 nuntiato
1115 3505 1169 3541 nur
1191 3487 1218 3540 hi

163 3558 308 3628 Sptteren.
777 3559 838 3614 Liv.
857 3565 905 3628 25,
924 3565 940 3614 9
969 3565 993 3614 et
1016 3575 1050 3614 ne
1072 3559 1114 3614 ibi
1135 3560 1218 3628 quide

202 3636 243 3685 18.
272 3629 325 3685 Die
342 3629 565 3696 Hermunduren‚
583 3629 623 3684 im
642 3631 723 3690 nord·
777 3632 855 3696 ttuto,
874 3646 926 3699 qao
940 3635 1091 3699 perpererat.

166 3701 304 3755 bstlichen
322 3702 448 3770 Bayern,
479 3701 592 3755 werden
618 3701 648 3754 in
675 3702 724 3756 der
814 3708 839 3755 3.
858 3701 914 3756 Der
933 3701 1051 3770 'l'empel
1069 3701 1119 3771 lag
1136 3700 1218 3754 aufd

166 3769 317 3826 Germania
336 3774 390 3841 (cp.
409 3773 455 3842 41)
474 3772 516 3827 als
529 3771 657 3828 Preunde
676 3773 724 3827 der
778 3791 840 3826 rum
858 3772 987 3842 Augusti,
1006 3771 1108 3827 bstlieh
1126 3788 1193 3827 vom
1212 3771 1218 3823 l

165 3841 269 3896 Rbmer
294 3845 433 3901 erwbhnt:
461 3845 560 3898 mettas
586 3845 645 3911 fida
668 3844 723 3899 Ro·
778 3845 918 3898 amFusse
932 3842 981 3897 des
995 3840 1214 3913 quirinalisohen

163 3914 262 3968 mana.
814 3921 839 3970 6.
872 3918 957 3980 aetas,
976 3933 997 3969 s.
1017 3932 1051 3967 zu
1069 3930 1113 3982 cp.
1132 3919 1176 3968 20.

202 3988 244 4037 19.
280 3982 388 4037 Forum
414 3986 501 4052 Iulii,
530 3986 579 4039 das
607 3986 723 4056 heutige
815 3992 856 4041 10.
890 3985 1026 4053 admetus,
1046 4002 1093 4038 zur
1111 3984 1218 4039 Abwec

164 4053 274 4124 Prejus‚
300 4052 431 4109 Seestadt
452 4056 482 4110 in
505 4057 555 4110 der
573 4057 722 4125 Provence‚
777 4056 831 4110 mit
856 4056 920 4110 dem
944 4055 1193 4125 vorauigehenden

164 4141 221 4179 von
242 4123 385 4179 Massilien
407 4127 564 4195 gegriindet
588 4128 644 4182 und
667 4145 723 4183 von
776 4129 814 4182 ist
831 4128 862 4181 in
879 4127 986 4182 diesem
1005 4125 1089 4181 Sinnc
1107 4119 1158 4182 ἅπ,
1183 4124 1218 4192 εἰς

165 4195 308 4264 Augustus
325 4196 513 4251 versohbnert.
813 4205 855 4254 12.
892 4198 1031 4267 inpatiens
1053 4196 1108 4250 mit
1137 4197 1201 4251 dem

200 4273 243 4322 21.
262 4266 364 4334 Marus,
380 4266 451 4336 jetzt
465 4267 510 4321 die
524 4268 631 4336 March,
651 4270 723 4324 auch
776 4269 815 4323 ist
824 4269 870 4324 bei
880 4269 995 4323 Tacitus
1009 4268 1115 4338 htufig,
1133 4267 1207 4322 fehlt

164 4355 220 4394 von
238 4337 345 4391 Plinius
364 4338 499 4392 erwthnt.
777 4340 882 4394 sischer
900 4339 988 4394 Prosa
1010 4339 1067 4393 und
1086 4339 1218 4394 erschein
