2722 4762
165 216 229 279 124
485 220 658 275 CORNELII
678 220 801 275 rnclrl
820 219 1018 275 ,lunanum

162 396 263 457 usque
287 373 328 436 ad
350 372 444 435 libita
466 370 624 436 Pallantis
647 372 819 455 provoluta
847 374 881 435 et
903 370 1043 435 exercita
1066 370 1109 435 ad
1132 372 1258 435 omnefl

161 464 243 526 tium
266 462 373 544 patrui
396 461 528 544 nuptiis.

131 552 152 615 3
251 550 356 635 Igitur
379 548 466 614 Nero
489 549 591 613 vitare
614 552 754 613 secretos
783 548 850 612 eius
874 568 1082 633 congressus,
1114 548 1258 614 abscedet

163 640 199 703 in
220 638 333 703 hortos
348 641 405 703 aut
418 638 637 703 Tusculanum
660 638 709 701 vel
723 636 892 701 Antiatem
905 637 941 700 in
955 657 1071 723 agrum
1084 636 1258 715 laudarer

163 728 266 792 otium
281 730 469 812 capesseret.
506 730 684 810 postremo,
708 726 900 809 ubicumque
918 725 1108 810 haberetur,
1131 748 1258 812 praegra

161 820 251 881 ratus
284 817 462 880 interficere
497 815 677 898 constituit,
709 815 865 878 haetenus
901 815 1110 897 consultans,
1142 836 1258 881 veneno

128 908 247 969 sferro
280 906 331 968 vel
363 927 427 989 qua
456 904 520 967 alia
542 904 582 967 vi.
627 904 810 987 placuitque
833 903 937 987 primo
961 924 1132 968 venenum.
1180 905 1258 969 sed:¹

163 995 274 1077 epulas
297 993 452 1077 principis
477 993 505 1055 si
528 993 671 1074 daretur,
698 991 810 1056 referri
838 992 878 1055 ad
902 1013 1015 1056 casum
1039 1014 1109 1057 non
1132 996 1258 1076 poterat

163 1084 229 1147 iam
242 1080 425 1146 Britannici
448 1082 561 1164 exitio,
585 1086 617 1145 et
639 1081 805 1145 ministros
828 1084 988 1165 temptare
1011 1081 1151 1145 arduum
1175 1083 1258 1147 videl

163 1171 307 1234 mulieris
339 1193 400 1235 usu
428 1171 584 1234 scelerum
616 1171 767 1234 adversus
791 1169 925 1234 insidias
948 1170 1110 1253 intentae,
1143 1174 1238 1255 atque

163 1259 396 1343 praesumendo
419 1259 560 1322 remedia
583 1259 744 1323 munierat
766 1280 890 1342 corpus.
926 1258 1047 1323 sermm
1071 1262 1106 1323 et
1128 1260 1240 1324 caedes

112 1365 240 1412 ronam
263 1347 359 1411 modo
384 1348 613 1425 occultaretur,
636 1369 732 1411 nemo
750 1346 946 1431 reperiebat,
969 1350 1002 1411 et
1023 1368 1066 1414 ne
1089 1348 1166 1433 quis
1185 1350 1258 1413 illit

165 1436 300 1499 facinori
323 1436 464 1499 delectus
487 1437 576 1500 iussa
599 1439 764 1520 sperneret
787 1435 981 1499 metuebant.
1026 1435 1151 1501 obtulit
1178 1438 1258 1523 inger

164 1524 320 1589 Anicetus
344 1525 492 1607 libertus,
515 1526 612 1589 classi
635 1525 720 1610 apud
742 1523 903 1588 Misenum
929 1524 1112 1609 praefectus
1137 1530 1172 1590 et
1189 1549 1258 1610 puer

164 1612 305 1678 Neronis
339 1613 490 1677 educator
520 1636 557 1677 ac
585 1614 705 1678 mutuis
733 1614 815 1677 odiis
844 1613 1044 1698 Agrippinae
1073 1614 1211 1679 invisus.

164 1723 279 1765 navem
301 1724 397 1784 posse
420 1703 570 1786 componi
588 1704 693 1785 docet,
717 1702 806 1766 euius
820 1725 895 1786 pars
918 1702 1040 1786 ipsein
1061 1703 1147 1767 mari
1160 1726 1218 1787 per
1238 1726 1258 1767 a

113 1808 145 1856 15
165 1791 274 1855 soluta
296 1791 472 1855 effunderet
494 1792 657 1875 ignaram:
687 1791 771 1855 nihil
792 1794 860 1855 tam
884 1813 986 1874 capax
1012 1790 1224 1857 fortmtorum
1244 1816 1258 1877 q

164 1901 268 1963 mare,
301 1884 334 1943 et
361 1881 389 1944 si
411 1880 581 1965 naufragio
604 1882 783 1964 intercepta
806 1881 861 1960 sit,
891 1901 986 1963 quem
1009 1880 1090 1945 adeo
1113 1881 1257 1967 iniquum

166 1968 277 2033 sceleri
301 1969 450 2053 adsignet
473 1969 558 2053 quod
581 1970 670 2033 venti
696 1973 729 2032 et
755 1968 871 2033 fluetus
895 1968 1111 2052 deliquerint?
1159 1970 1258 2034 addite

164 2057 342 2141 principem
373 2058 541 2120 defunctae
573 2058 729 2140 templum
760 2061 792 2121 et
824 2079 896 2121 aras
929 2061 961 2121 et
990 2061 1098 2122 cetera
1129 2062 1258 2123 ostenta

186 2147 285 2209 letati.

134 2169 185 2302 4Ρ
253 2233 380 2297 Placuit
412 2235 570 2316 sollertia,
602 2238 746 2317 tempore
778 2236 878 2298 etiam
910 2236 993 2319 iuta,
1024 2234 1154 2319 quando
1179 2234 1258 2312 Quin

202 2503 243 2550 16.
267 2498 416 2564 provoluta
444 2496 635 2566 ,‚erniedrigt,
664 2497 722 2550 sich
776 2498 880 2563 surum
918 2503 943 2551 et
978 2500 1071 2553 caedes
1105 2499 1144 2553 ist
1177 2500 1258 2555 Hend

165 2567 381 2691 relegwerfend‘ss
400 2568 430 2621 in
449 2568 553 2622 diesem
568 2567 652 2621 Sinne
672 2563 722 2624 ἀπ.
777 2567 961 2692 fiinic‘c'ffene
974 2568 1133 2639 Mordthat,
1152 2570 1200 2625 ein
1212 2572 1257 2625 blu

167 2657 218 2706 ερ.
810 2656 841 2694 or
885 2682 891 2694 .

350 2780 356 2792 ,
815 2728 1258 2795 12.Anicetuswirdiml.62,1

201 2779 229 2837 3.
249 2782 463 2836 ⁴2.eel1stdem
477 2782 724 2852 voraufgehenden
777 2800 843 2854 dem
861 2817 891 2854 e,
909 2801 982 2854 auch
1005 2799 1052 2854 ,110
1070 2800 1192 2856 osswvi,
1209 2802 1249 2855 in,

165 2858 215 2906 uui
241 2853 471 2922 untergeordnet,
512 2852 565 2907 wie
598 2853 664 2907 dial.
689 2860 723 2908 28
778 2871 883 2925 derben
900 2872 1026 2941 gesem
1060 2890 1125 2925 ,um
1143 2870 1246 2927 schem

164 2940 213 2977 uec
235 2929 285 2977 out
303 2926 355 2978 tibi
373 2926 430 2993 ipsi
448 2930 498 2978 aut
515 2926 580 2979 huie
599 2925 723 2978 Secundo
778 2941 925 2997 sardjnjen
952 2915 1091 2997 verbim
1136 2960 1183 2998 wo
1209 2961 1238 2998 et

165 2996 205 3047 uel
222 2996 375 3063 liuicApro
393 2998 555 3065 ignotus-
573 2995 724 3049 Tusculum
777 3013 841 3067 dem
868 3012 1032 3068 dgnkbffle„
1058 2986 1159 3069 mser
1186 2987 1258 3070 reici,

164 3065 213 3135 lag
231 3065 407 3119 dreiMeilen
426 3066 578 3121 sudesnich
593 3066 643 3120 auf
659 3067 723 3120 dem
776 3084 858 3138 10th
890 3084 933 3139 bi,
951 3102 989 3139 an
1006 3084 1067 3139 ,ein
1079 3084 1160 3141 End,
1174 3086 1258 3141 Μή

164 3135 296 3205 Algidus,
315 3137 432 3191 Antium
447 3138 545 3192 weiter
559 3138 668 3192 sudlich
687 3155 724 3191 an
777 3162 819 3210 02,
839 3127 873 3194 -'
900 3154 1039 3210 Misenum
1064 3172 1125 3211 war
1152 3156 1200 3213 (ΗΘ
1227 3156 1258 3211 St

164 3206 213 3259 der
233 3206 293 3259 See·
776 3225 822 3279 fn
847 3225 892 3280 ue
916 3226 1097 3297 Kriegsflotre
1122 3226 1173 3282 ses
1198 3228 1258 3299 eyn

200 3300 224 3347 3.
243 3295 400 3358 laederetur,
419 3312 474 3348 von
493 3295 557 3349 dem
570 3296 723 3350 unfreiwil-
776 3298 861 3351 sohen
878 3298 996 3353 Meercs.

163 3363 240 3433 ligen
259 3364 440 3432 Aufenthalt,
459 3366 513 3419 wie
532 3372 603 3434 *2‚58
622 3385 656 3421 ue
672 3368 722 3421 Vo-
814 3391 855 3440 15,
884 3402 975 3454 capam
1002 3386 1168 3442 bezeisshnet
1197 3388 1243 3443 bei

163 3451 247 3490 uoues
264 3438 296 3490 iu
314 3435 401 3490 Surio
419 3437 579 3520 leubueiua
604 3444 636 3491 63
658 3439 724 3492 Μα-
777 3458 854 3509 ,onst
871 3475 924 3510 nur
942 3457 987 3512 die
1005 3456 1127 3528 geisffige
1145 3458 1258 3529 Beffihjg

164 3508 303 3562 roboduus
329 3507 480 3561 Raueuuue
513 3509 631 3562 lechitus.
684 3511 724 3564 lst
778 3533 802 3595 1,
825 3535 854 3580 11
885 3533 998 3583 mentem,
1024 3534 1118 3583 tm
1144 3531 1227 3585 molis
1256 3560 1258 3576 .

166 3579 334 3634 Ta0il0150h·
777 3615 839 3651 cem.
866 3606 950 3667 1,13.
983 3598 1048 3654 hist.
1069 3608 1092 3669 1,
1112 3606 1147 3654 49
1175 3618 1258 3671 raptu

201 3675 226 3723 4.
244 3670 374 3722 imotenus
393 3687 462 3736 „nur
480 3667 511 3721 in
529 3686 558 3722 so
576 3668 652 3737 weit,
672 3688 723 3722 nur
772 3670 856 3738 perui.

166 3737 241 3807 das“,
261 3741 333 3793 auch
352 3757 395 3808 cp.
416 3747 439 3793 7.
459 3745 501 3794 51.
522 3747 564 3808 12,
583 3747 616 3793 42
636 3741 723 3795 haue-

164 3824 218 3862 uus
242 3810 367 3865 Vitellius
389 3813 525 3881 uoluerat,
558 3811 615 3865 und
643 3813 723 3866 oster.
813 3846 842 3901 4·
872 3854 895 3901 1·
943 3849 1018 3902 ,um
1045 3849 1117 3903 stat,
1145 3850 1258 3905 adim,

201 3902 225 3948 5.
244 3899 285 3950 uel
302 3898 341 3953 ist
358 3899 423 3953 dem
441 3918 480 3954 eu
497 3900 723 3970 untergeordnet,
778 3918 843 3972 Tac⁸
859 3937 912 3972 nur
925 3918 987 3973 hier
1004 3919 1093 3973 unda
1116 3924 1152 3975 35
1170 3922 1250 3977 haud

164 3965 219 4019 wie
236 3966 302 4021 hist.
322 3976 347 4037 2,
366 3976 398 4022 41
418 3972 552 4025 iucerium
569 3973 638 4040 suit,
656 3973 723 4026 iusi-
777 3995 823 4045 est,
843 4020 876 4028 -
897 3962 1176 4075 Quinquatm’odep
1195 3994 1258 4064 Qua

165 4038 228 4092 dius
246 4055 284 4091 eu
298 4040 484 4106 proditionem
497 4045 538 4096 oei
552 4044 665 4111 aliquod
678 4044 722 4097 ho·
777 4063 834 4115 tri„
852 4061 889 4114 ist
907 4060 957 4115 das
975 4061 1041 4115 Fest
1058 4062 1109 4117 der
1125 4060 1257 4119 Mmerva

164 4113 269 4163 erutum
286 4111 431 4164 consilium
448 4117 637 4182 coeptaveriui
779 4138 819 4186 19,
838 4131 882 4186 bis
901 4138 943 4186 23,
962 4131 1052 4198 Maru,
1080 4132 1156 4205 dage
1177 4151 1214 4189 en
1239 4136 1258 4190 ir

201 4205 226 4253 9.
239 4214 422 4267 praesumere,
436 4200 484 4254 bei
497 4202 562 4255 Tac.
577 4203 657 4257 nieht
670 4204 722 4258 sel·
776 4220 843 4257 man
861 4220 926 4257 vom
946 4210 987 4256 11.
997 4203 1040 4257 bis
1051 4210 1093 4259 13.
1102 4204 1171 4259 lum
1189 4206 1258 4261 diei

164 4273 226 4337 ten,
240 4269 329 4323 findet
342 4267 403 4321 sich
418 4270 471 4323 seit
478 4271 569 4342 Virgil
583 4274 629 4327 bei
639 4274 722 4328 Dioh·
776 4280 892 4342 quietius
911 4276 1042 4344 ireiieores,
1061 4274 1108 4329 ein
1121 4276 1258 4333 musilrali

164 4344 227 4395 tern
253 4341 311 4394 und
334 4339 373 4393 ini
397 4339 536 4395 silbernen
555 4344 663 4399 Lat-ein.
689 4376 722 4385 —
776 4345 849 4399 Post.
