2722 4762
321 183 431 237 11111
448 183 496 239 IV.
534 182 612 238 OAP.
632 190 747 238 34—35.
1056 185 1121 249 221

96 346 232 428 mpeium
264 345 367 408 tantis
405 345 553 409 laudibus
590 346 680 429 tulit,
716 349 753 410 ut
775 346 1011 430 Pompeianum
1048 369 1122 412 eum

96 457 117 497 11
143 433 334 516 appellaret,
358 455 462 517 neque
481 434 513 497 id
528 433 694 498 ‘amicitiae
713 456 824 499 eorum
848 436 965 501 offeeit.
999 433 1121 519 Scipio-

96 523 239 605 Tranium,
261 521 348 585 hune
371 522 478 605 ipsum
503 519 664 606 Cassium,
687 523 774 587 hune
797 522 933 588 Brutum
961 546 1122 608 nusquam
1133 541 1166 590 15

118 615 151 675 et
173 610 360 693 parricidas,
383 632 464 694 quae
487 632 574 674 nuno
596 611 754 675 voeabula
785 612 998 695 inponuntur,
1026 633 1122 696 saepe

96 699 150 764 nis
179 699 266 762 viros
294 699 451 763 nominat.
488 700 596 763 Asinii
618 698 777 764 Pollionis
811 703 930 784 scripta
958 701 1123 786 egregiam

95 810 127 850 m
152 787 341 851 memoriam
364 789 511 870 tradunt,
535 787 690 852 Messalla
714 785 871 852 Corvinus
893 789 1123 872 imperatorem

96 877 217 940 assium
240 876 461 961 praedicabat,
489 881 522 941 01
544 880 678 959 uterque
701 877 880 961 opibusque
904 880 999 961 atque
1022 877 1122 942 hono·

95 965 270 1049 erviguere.
306 963 408 1028 Marci
432 963 596 1029 Ciceronis
626 965 725 1047 libro,
758 987 821 1049 quo
844 963 1001 1030 Catonem
1031 967 1166 1033 eaelouo

95 1076 108 1137 2,
131 1053 207 1137 quid
232 1053 319 1117 aliud
343 1053 483 1118 dictator
507 1051 627 1118 Caesar
659 1076 756 1136 quam
788 1055 944 1137 rescripta
967 1055 1123 1138 oratione,

96 1143 151 1224 iud
183 1141 319 1223 iudices,
342 1142 531 1225 respondit?
560 1142 696 1206 Antonii
728 1142 901 1226 epistulae,
928 1141 1022 1206 Bruti
1049 1164 1123 1207 eon-

96 1231 162 1292 alsa
180 1231 310 1313 quidem
332 1231 367 1296 in
385 1231 571 1315 Augustum
593 1231 723 1314 probra,
747 1231 802 1294 sed
819 1232 923 1295 multa
945 1252 1122 1296 1111110101-

100 1319 215 1399 abent,
245 1319 390 1382 earmina
407 1318 557 1383 Bibaculi
581 1323 613 1383 et
635 1316 756 1382 Catulli
778 1319 898 1383 referta
917 1319 1123 1384 contumeliis

96 1430 125 1470 m
149 1408 309 1491 leguntur,
334 1408 389 1470 sed
411 1409 480 1491 ipse
505 1408 595 1471 divus
619 1407 730 1490 lulius,
753 1408 821 1490 ipse
845 1407 936 1472 divus
955 1407 1123 1493 Augustus
1134 1426 1167 1474 25

96 1518 108 1558 0
136 1497 201 1558 ista
233 1499 266 1559 et
297 1496 467 1580 reliquere,
497 1496 585 1559 haud
608 1496 702 1560 facile
726 1496 873 1581 dixerim,
901 1496 1123 1561 moderatione

96 1607 125 1647 m
154 1584 323 1667 sapientia.
364 1607 503 1667 namque
534 1588 642 1667 spreta
675 1586 875 1650 exolescunt:
915 1585 942 1648 si
974 1585 1123 1664 irascare,

108 1672 278 1737 videntur?

96 1784 128 1823 >n
151 1763 277 1846 attingo
302 1761 457 1844 Graecos,
481 1783 617 1845 quorum
639 1783 708 1824 non
730 1761 826 1826 modo
850 1761 1000 1843 libertae,
1024 1761 1122 1825 etiam
1133 1762 1177 1827 35

96 1851 248 1933 npunita3
282 1855 338 1915 aut
368 1851 396 1913 si
428 1850 499 1933 quis
537 1849 687 1931 advertit,
718 1850 811 1913 dietis
845 1849 931 1912 dieta
953 1850 1040 1913 ultus
1065 1852 1124 1912 est.

96 1939 171 2001 111110
192 1940 334 2014 solutum
367 1942 399 2003 et
423 1940 491 2002 sine
515 1939 732 2002 obtrectatore
764 1937 827 2001 fuit
853 1937 988 2021 prodere
1012 1937 1050 2001 de
1073 1937 1124 2020 iis,

96 2049 139 2090 >rs
159 2027 232 2091 odio
253 2031 309 2091 aut
324 2027 448 2111 gratiae
463 2028 644 2090 exemisset.
662 2048 741 2089 num
759 2027 846 2090 enim
861 2026 995 2090 armatis
1010 2023 1123 2090 Cassio

96 2140 101 2176 1
124 2137 160 2179 ae
179 2116 402 2198 Philippenses
422 2137 552 2198 campos
573 2115 793 2179 obtinentibus
812 2115 890 2179 belli
908 2114 1012 2179 civilis
1028 2135 1126 2178 eausa
1143 2130 1160 2179 5

96 2226 107 2265 1
132 2226 189 2286 per
213 2205 379 2268 oontiones
402 2203 561 2267 incendo?
594 2225 635 2266 an
667 2203 716 2266 illi
744 2203 873 2287 quidem
904 2202 1124 2286 septuagensi-

96 2296 137 2356 110
152 2315 273 2356 annum
287 2293 454 2376 perempti,
478 2313 540 2376 quo
564 2292 881 2375 modoimaginibus
901 2291 967 2355 suis
989 2288 1125 2356 110101111-

96 2403 129 2444 as
161 2403 202 2444 ne
233 2382 338 2445 vietor
370 2381 500 2465 quidem
532 2379 687 2463 abolevit,
716 2381 762 2444 sio
793 2384 918 2463 partem
951 2379 1125 2444 memoriae

96 2469 238 2551 riptores
262 2470 427 2534 retinent?
451 2491 544 2532 suum
563 2469 677 2551 cuique
701 2469 797 2533 deous
816 2469 989 2553 posteritas
1013 2490 1126 2551 repen·

112 2559 260 2641 deerunt,
284 2559 311 2622 11
331 2559 497 2623 damnatio
516 2557 729 2642 ingruit-qui
751 2579 819 2622 non
841 2557 938 2622 modo
962 2555 1067 2622 Cassii
1090 2560 1123 2620 et
1134 2574 1167 2622 10

96 2715 175 2782 apto,
199 2714 437 2783 Sehwiegerveter
463 2715 511 2768 des
565 2715 664 2779 tullus,
692 2719 726 2767 86
746 2711 775 2766 in
793 2713 905 2767 Verona
928 2714 1064 2782 geboren,
1090 2718 1125 2766 46

96 2804 115 2853 1,
143 2785 253 2839 1111010
278 2786 336 2839 sich
362 2785 391 2838 in
417 2785 512 2860 Alriea
567 2786 645 2852 (oder
669 2783 755 2837 sehon
774 2786 819 2851 54)
838 2784 1000 2852 gestorben,
1024 2783 1125 2836 brand-

113 2855 248 2909 Sohlaoht
265 2856 312 2910 bei
326 2855 461 2924 Thapsus.
480 2856 513 2909 In
566 2855 661 2908 markt
687 2855 717 2906 in
740 2855 808 2907 zwei
831 2854 945 2908 kleinen
969 2853 1125 2908 Gediehten

95 2944 112 2979 n
141 2925 243 2995 Kriege
275 2927 322 2980 fiel
348 2927 397 2980 der
421 2928 513 2995 Legat
567 2928 612 2994 (29
631 2926 689 2978 und
712 2928 757 3006 51)
784 2925 834 2978 das
857 2924 1033 2978 Verhtltniss
1057 2922 1125 2977 Cae·

96 3068 157 3122 ollio
182 3067 238 3120 und
260 3066 394 3121 Coreiuus
412 3069 513 3122 hatten
567 2993 1125 3123 ffidirruzilraienitealdsalirieefrbiblrsibadrium

96 3137 222 3206 erkriege
241 3138 431 3193 besehrieben.
602 3136 695 3193 311.
722 3152 779 3192 ueu
797 3137 875 3190 mode
894 3137 966 3191 ohne
980 3135 1125 3205 folgendes

96 3208 159 3262 eber
178 3225 229 3277 que
247 3214 328 3276 atque
347 3212 417 3264 statt
435 3214 460 3262 et
479 3235 512 3254 =
566 3209 626 3273 sed,
651 3207 696 3261 ein
714 3207 879 3276 Asyndeton
904 3207 1125 3273 adversativum

96 3280 258 3343 lema
567 3284 748 3346 amam

96 3351 202 3418 roipere
219 3349 258 3403 ist
276 3344 325 3404 du.
346 3348 397 3419 εἰρ.
603 3355 628 3402 2.
643 3350 760 3403 aduertit
774 3350 845 3402 statt
859 3349 1061 3416 animaduertit,
1071 3364 1125 3416 pu-

96 3423 186 3474 'etator
207 3420 316 3475 Caesar.
342 3421 450 3489 Wegeu
465 3421 514 3474 der
567 3421 647 3487 uiuit,
665 3421 718 3474 wie
738 3426 764 3488 2,
784 3426 825 3475 32.
851 3426 876 3486 3,
895 3425 929 3472 52
948 3436 982 3473 ue
997 3420 1127 3487 prtueepe

96 3492 159 3560 lung
196 3510 215 3544 s.
244 3509 277 3544 zu
305 3498 335 3559 3,
361 3497 394 3545 59
423 3509 515 3560 eupur
568 3492 668 3545 durius
686 3492 842 3545 adverteret.
872 3496 932 3555 5‚9
957 3495 988 3543 ut
1010 3490 1126 3543 1111011-
1217 3531 1219 3536 .

96 3593 147 3613 .-
163 3562 215 3615 Die
235 3560 395 3615 Lobsehrift
409 3562 456 3616 des
471 3562 514 3616 ci-
568 3576 635 3630 ques
653 3561 751 3615 See'aur'
765 3562 862 3616 liberos
876 3562 1067 3615 adverteretur.
1086 3560 1128 3613 111

103 3633 159 3685 den
173 3632 313 3701 jtingeren
327 3632 397 3687 Ceto
415 3633 514 3686 beant·
569 3630 738 3687 Taeiteisoh.

99 3702 201 3757 Caesar
228 3704 316 3756 dureh
344 3703 419 3758 101110
446 3704 516 3758 zwei
604 3709 630 3756 3.
666 3704 784 3757 solutura
817 3702 953 3770 „erlaubt
986 3699 1127 3767 straflos“,

96 3774 267 3828 lutieutoues.
303 3775 381 3828 Alles
400 3775 459 3828 dies
476 3774 515 3828 ist
568 3790 692 3844 geneuer
712 3779 755 3838 14,
773 3778 807 3827 28
825 3773 944 3826 solutum
959 3787 1059 3838 poeua.

103 3860 258 3913 gegangen.
605 3852 629 3899 6.
649 3841 1128 3913 septuupeusr'ruum,eigentliehnur

96 3916 204 3969 utouu'us
221 3916 301 3969 hatte
324 3917 384 3969 ihm
402 3916 515 3970 niedere
570 3922 602 3970 67
631 3915 730 3982 Jahre,
765 3914 818 3968 seit
846 3914 895 3967 der
922 3912 1056 3967 Sehlacht
1081 3913 1128 3968 bei

96 4003 108 4050 a,
121 3984 515 4056 Feigheituudunzliohtigen
570 3985 703 4054 Philippi.

96 4055 296 4125 vorgeworfen.
607 4064 630 4111 8.
651 4056 775 4110 aboleret.
795 4054 831 4108 Es
845 4070 904 4108 war
918 4073 970 4108 nur
984 4055 1127 4121 verboten‚

96 4144 119 4179 »n
128 4126 237 4181 Furius
245 4128 400 4185 Bibaculus
414 4128 515 4182 wissen
570 4127 646 4182 diese
664 4126 759 4180 Bilder
783 4125 926 4180 bffentlioh
950 4125 998 4180 bei
1015 4125 1127 4180 Proces-

105 4197 167 4251 dess
185 4214 228 4265 er,
249 4200 398 4269 angeblieh
419 4205 469 4253 103
488 4217 514 4253 v.
570 4198 667 4252 siouen
686 4196 878 4252 aufaufi‘ihren.

96 4269 211 4322 lremoue
224 4269 357 4338 gebeton,
371 4270 514 4325 beissende
605 4275 629 4322 9.
649 4268 792 4336 repeudere
809 4266 849 4320 im
867 4267 1028 4336 tropisohen
1043 4264 1127 4318 Sinus

97 4356 139 4394 me
153 4340 335 4409 gesehrieben
349 4342 406 4397 hat.
419 4373 450 4382 -
464 4341 514 4395 Oa·
569 4340 607 4394 ist
626 4338 796 4394 diohterisoh
814 4337 871 4392 und
889 4335 1108 4393 naohklassisela
