2722 4762
382 193 493 248 LIBER
511 196 531 248 l.
569 194 647 249 CAP.
668 201 781 250 73-74.
1126 195 1169 260 89

110 363 149 423 ut
180 359 215 422 in
247 357 421 441 perniciem
454 357 572 421 civium
605 357 633 420 is
656 357 761 421 honor
788 361 975 422 verteretur.
1022 356 1170 424 Cassium

98 469 192 511 onem
220 447 351 511 solitum
378 447 464 510 inter
492 446 574 510 alios
602 446 744 510 eiusdem
778 447 857 533 artis
889 448 1044 512 interesse
1076 448 1171 531 ludia,

107 539 212 599 mater
242 557 300 598 sua
328 536 361 598 in
390 534 580 598 memoriam
604 535 745 619 Augusti
774 540 948 620 sacrasset,
975 558 1035 600 nec
1058 541 1172 601 contra

98 646 172 689 ones
196 625 275 706 fieri,
298 624 382 707 quod
402 623 525 708 effigies
550 623 627 701 eius,
650 627 687 687 ut
711 624 776 687 alia
801 625 971 688 numinum
990 626 1172 709 simulacra,

98 714 234 778 ionibus
266 713 435 777 hortorum
465 714 497 776 et
528 710 680 775 domuum
714 713 874 777 accedant.
916 715 967 777 ius
1000 715 1169 778 iurandum
1182 735 1214 785 15

98 802 129 866 le
144 802 381 866 aestimandum
401 823 494 885 quam
510 801 536 864 si
550 800 660 864 Iovem
678 800 863 865 fefellisset:
887 803 1018 867 deorum
1036 803 1170 867 iniurias

98 913 175 955 irae.
455 888 457 891 ’

98 979 155 1044 ‚lec
178 979 281 1043 multo
305 982 381 1061 post
404 976 558 1041 Granium
578 977 768 1042 Marcellum
791 983 974 1062 praetorem
997 978 1170 1063 Bithyniae
1183 988 1226 1052 74

98 1073 150 1133 tor
181 1069 283 1151 ipsius
312 1063 431 1151 Caepio
460 1065 627 1151 Crispinus
660 1067 840 1132 maiestatis
872 1070 1061 1154 postulavit,
1097 1070 1171 1134 sub-

98 1160 161 1220 ente
191 1156 338 1221 Romano
371 1155 534 1237 Hispone:
567 1156 621 1239 qui
658 1155 796 1220 formam
833 1158 918 1220 vitae
954 1158 1043 1241 iniit,
1074 1181 1172 1242 quam

98 1268 113 1309 a
151 1246 309 1309 celebrem
346 1245 494 1308 miseriae
531 1248 713 1327 temporum
747 1249 779 1308 et
816 1246 967 1311 audaciae
1003 1247 1172 1311 hominum

98 1338 152 1397 int.
194 1356 269 1397 nam
303 1354 410 1418 egens,
441 1335 586 1417 ignotus,
609 1333 749 1417 inquies,
782 1335 857 1398 dum
890 1336 1024 1400 occultis
1052 1335 1208 1404 libellis5

98 1424 152 1487 iae
186 1423 338 1507 principis
371 1422 510 1505 adrepit,
533 1444 608 1486 mox
639 1423 817 1487 clarissimo
850 1424 964 1508 cuique
995 1425 1172 1507 periculum

98 1513 147 1594 at,
180 1512 358 1594 potentiam
383 1511 468 1594 apud
495 1532 609 1595 unum,
643 1510 752 1574 odium
784 1513 869 1595 apud
899 1514 1005 1576 omnis
1038 1512 1173 1596 adeptus

123 1601 317 1683 exemplum,
350 1599 436 1683 quod
459 1600 561 1664 secuti
589 1621 626 1663 ex
650 1601 847 1683 pauperibus
871 1600 1000 1685 divites,
1032 1623 1071 1665 ex
1098 1623 1173 1666 con·

98 1689 131 1752 is
155 1689 318 1753 metuendi
341 1688 517 1772 perniciem
546 1688 618 1752 aliis
642 1709 680 1752 ac
702 1693 903 1771 postremum
927 1690 990 1754 sibi
1012 1690 1172 1754 invenere.

98 1777 291 1842 Marcellum.
324 1777 535 1841 insimulabat
572 1777 722 1841 sinistros
764 1778 802 1840 de
840 1778 968 1842 Tiberio
1010 1801 1171 1843 sermones
1184 1801 1219 1847 ro

99 1887 162 1948 sse,
185 1866 370 1931 inevitabile
395 1866 529 1949 crimen,
553 1888 625 1930 cum
650 1888 688 1930 ex
712 1867 856 1930 moribus
879 1867 1036 1950 principis
1055 1867 1172 1930 foedis-

104 1976 247 2038 quaeque
272 1955 427 2040 deligeret
451 1959 619 2019 accusator
649 1953 886 2040 obiectaretque
909 1977 973 2020 reo.
996 1977 1073 2019 nam
1097 1956 1174 2040 quia

98 2047 206 2127 erant,
230 2045 328 2107 etiam
360 2043 445 2107 dicta
478 2043 700 2107 credebantur.
738 2044 861 2107 addidit
892 2043 996 2127 Hispo
1032 2047 1174 2108 statuam

98 2131 146 2195 elli
161 2132 258 2196 altius
274 2154 370 2215 quam
386 2130 561 2196 (laesarum
576 2133 682 2214 sitam,
706 2135 739 2194 et
753 2133 817 2196 alia
830 2134 865 2196 in
880 2137 990 2197 statua
1005 2136 1173 2216 amputato

98 2243 105 2284 r
129 2221 273 2306 Augusti
297 2221 436 2306 effigiem
455 2220 576 2284 Tiberii
598 2221 744 2284 inditam.
782 2222 822 2285 ad
842 2223 926 2306 quod
947 2221 1067 2286 exarsit
1086 2222 1174 2304 adeo,
1185 2242 1218 2290 15

99 2312 169 2392 ipta
205 2311 428 2373 taciturnitate
464 2310 681 2392 proclamaret
712 2331 746 2372 se
779 2332 905 2394 quoque
937 2310 971 2373 in
1004 2332 1042 2374 ea
1078 2332 1175 2374 causa

98 2420 143 2462 im
181 2399 376 2462 sententiam
413 2399 522 2481 palam
556 2401 587 2461 et
622 2398 776 2480 iuratum,
815 2422 877 2483 quo
911 2399 1025 2464 ceteris
1063 2399 1174 2463 eadem

100 2487 179 2551 sitas
217 2487 318 2551 fieret.
363 2487 540 2550 manebant
577 2487 676 2550 etiam
713 2490 783 2550 tum
824 2487 964 2572 vestigia
1005 2488 1174 2552 morientis

98 2577 173 2640 atis.
212 2576 311 2660 igitur
335 2574 392 2640 (ln.
411 2575 487 2639 Piso
512 2574 598 2658 ‘quo'
621 2575 727 2659 inquit
745 2575 828 2640 ‘loco
852 2577 1008 2660 censebis,
1032 2575 1173 2641 Caesar?

98 2752 158 2804 aas·
182 2751 239 2804 und
263 2751 560 2820 E1p1·essungsproees-
615 2752 761 2805 curatoren
781 2751 888 2818 sandte,
908 2749 983 2803 sind:
1007 2751 1057 2804 das
1076 2751 1175 2820 fibrige

98 2823 147 2876 uch
176 2821 246 2875 fiber
273 2821 318 2875 die
346 2821 439 2875 Ritter
464 2833 583 2876 anyer-³
616 2820 750 2890 Spanien,
770 2821 889 2888 Gallien,
909 2821 1090 2887 Germanien,
1109 2822 1176 2877 Cili·
1209 2872 1217 2879 .

615 2892 685 2959 cien,
701 2893 819 2961 prmn,
839 2891 938 2961 Syrien
952 2893 1008 2945 und
1018 2892 1174 2961 Aegypten.

99 2964 179 3017 ludia.
199 2963 238 3017 Es
257 2979 350 3017 waren
371 2963 560 3032 Schauspiele,
615 2963 679 3016 Alle
708 2963 843 3017 Beamten
871 2963 920 3016 der
947 2962 1101 3016 Provinzen
1128 2964 1175 3017 he-

98 3034 195 3088 latium
210 3033 328 3103 gefeiert
341 3034 399 3087 und
413 3034 472 3088 drei
483 3035 560 3105 Tage
615 3050 703 3102 zogen
726 3034 864 3088 nunmehr
882 3034 954 3087 feste
973 3032 1175 3102 Besoldungen.

98 3106 124 3158 ld
143 3105 215 3172 (ludi
232 3104 375 3173 Palatini).
651 3111 675 3158 2.
696 3106 840 3172 postulare
853 3105 904 3158 hat
918 3103 990 3157 auch
1006 3103 1111 3158 Sueton
1124 3106 1177 3158 mit

108 3177 225 3244 perinde
248 3177 373 3244 quamsi·
396 3177 485 3230 findet
503 3176 562 3231 sich
617 3176 680 3230 dem
705 3176 837 3241 Genetiv,
862 3175 957 3230 Cicero
980 3193 1033 3228 nur
1056 3176 1108 3228 mit
1127 3176 1177 3229 der

98 3247 157 3301 loch
187 3253 234 3314 13,
260 3253 294 3300 49
332 3253 419 3301 cetera
448 3249 563 3315 perinde
617 3248 730 3316 Prapos.
750 3248 790 3302 de.
805 3247 886 3301 Auch
900 3247 953 3299 mit
968 3245 1083 3300 Ablativ
1098 3252 1122 3314 3,
1133 3252 1176 3301 38.

98 3335 205 3386 squam
218 3318 401 3386 sinoaNero,
415 3319 461 3372 sed
473 3319 563 3372 Thra·
637 3324 677 3399 Ι3.
714 3319 763 3386 qui
785 3318 897 3372 bezieht
920 3317 979 3371 sich
997 3317 1048 3371 auf
1064 3316 1177 3387 Caepio

98 3389 563 3529 titilaittssidiiitilalitii
616 3390 695 3513 mail
711 3388 878 3528 {iiiiii
899 3461 960 3514 aaa.
997 3458 1035 3512 ns
1053 3461 1177 3528 gaseran

110 3536 156 3596 13,
180 3536 214 3583 47
248 3532 304 3583 und
335 3533 451 3599 perinde
478 3549 511 3585 ac
537 3534 563 3586 si
616 3533 710 3599 sp'ater
727 3531 807 3584 n1cht
826 3532 929 3597 selten,
947 3531 1011 3583 dass
1030 3530 1076 3583 die
1094 3530 1176 3585 Dela-

100 3643 105 3655 .
616 3606 697 3656 toren
716 3601 833 3656 bestraft
851 3601 973 3656 wurden.

110 3679 135 3725 1.
158 3672 200 3725 lm
215 3673 300 3726 Jahre
315 3678 348 3726 27
358 3692 384 3728 v.
395 3672 458 3727 Chr.
469 3690 563 3728 waren
653 3679 696 3726 14.
714 3674 797 3726 sitam
807 3697 840 3717 =
850 3672 981 3741 positam,
1000 3688 1019 3724 s.
1035 3689 1068 3724 au
1082 3689 1123 3739 cp.
1133 3678 1177 3726 39.

98 3742 179 3797 tliche
198 3743 354 3797 Provinzen
373 3744 403 3797 in
421 3744 490 3798 zwei
508 3744 564 3799 last
654 3749 695 3798 16.
715 3749 808 3811 rupto.
828 3743 986 3798 Klassische
1001 3741 1116 3796 Dichter
1136 3758 1177 3796 sa-

98 3831 109 3869 e
138 3813 255 3868 Halften
283 3815 415 3884 getheilt3
449 3815 493 3869 die
522 3832 562 3869 se·
618 3831 684 3884 gen:
703 3816 842 3869 silentiam
860 3831 991 3881 rumpere.

98 3885 192 3951 ichen,
220 3901 276 3938 von
299 3884 470 3939 Proconsnln
496 3887 563 3940 oder
654 3893 695 3940 17.
714 3887 811 3954 palam
825 3885 978 3954 mundlich,
997 3884 1077 3940 nicht
1091 3886 1179 3940 durch

98 3957 204 4010 retorcn
230 3957 390 4022 verwaltet,
416 3957 489 4011 sind:
517 3957 562 4010 Bi·
617 3956 759 4011 discessio.

98 4045 133 4093 n,
159 4026 241 4093 Asia,
269 4025 352 4080 Creta
374 4027 427 4082 mit
450 4027 564 4096 Cyrene,
655 4034 697 4081 19.
731 4028 822 4081 Ueber
848 4026 896 4082 Cn.
924 4027 1089 4098 Calpurnius
1114 4029 1179 4084 Piso

101 4140 110 4162 ,
134 4097 256 4167 Achaja,
282 4097 477 4166 Macedonian,
500 4099 564 4167 llly-
618 4099 675 4168 vgl.
700 4118 733 4152 zu
752 4115 793 4168 cp.
816 4104 856 4152 13.
877 4130 909 4139 -
929 4099 980 4154 Die
998 4099 1178 4155 Personifica·

102 4168 252 4223 Sardinien
280 4169 337 4222 und
362 4169 412 4224 das
437 4170 564 4224 bat-ischa
618 4168 679 4223 tion
700 4169 730 4222 in
753 4171 894 4224 morientis
917 4171 1051 4225 libertatis
1073 4171 1112 4225 ist
1129 4189 1178 4236 nn·

98 4258 132 4296 ur.
169 4239 224 4294 Die
247 4239 400 4293 Provinzen
427 4241 475 4295 des
498 4241 564 4295 Kai·
618 4240 797 4308 gewdhnlich
810 4241 867 4294 und
882 4241 1023 4310 poetisch3
1044 4242 1116 4296 doch
1130 4259 1179 4310 ge-

100 4310 134 4365 in
161 4310 269 4364 welche
301 4309 392 4366 dieser
419 4312 460 4365 als
488 4312 563 4367 scine
618 4312 739 4366 braucht
775 4312 860 4365 sehon
894 4312 989 4367 Cicero
1022 4312 1073 4367 das
1102 4312 1179 4366 Verh

98 4383 211 4436 streter
243 4381 368 4450 Legaten
400 4383 467 4437 oder
497 4383 563 4437 Pro·
617 4385 687 4436 mori
705 4400 760 4438 von
778 4382 937 4438 s‘achlichen
956 4383 1102 4452 Begriffen.
