2722 4762
228 171 294 236 238
550 168 720 225 CORNELII
739 167 861 223 raeiri
880 170 1081 228 nauantem

227 335 335 419 ipsum
369 333 479 398 referri
507 332 614 397 verius
647 333 702 416 sit,
735 331 904 395 saevitiam
934 355 971 399 ac
999 335 1172 403 libidinem
1208 362 1261 405 our

228 425 406 506 promeret,
428 422 507 486 locis
530 420 753 486 occultantem.
796 423 889 484 erant
911 422 967 505 qui
991 425 1160 491 crederent
1183 429 1220 493 in
1244 453 1259 494 s

229 511 372 595 corporis
392 531 516 595 quoque
538 509 687 573 habitum
704 509 820 592 pudori
842 509 955 592 fuisse,
978 512 1099 598 quippe
1122 516 1172 580 illi
1196 541 1261 602 pra.

186 603 262 665 1oet
283 600 416 665 incurva
437 599 622 683 proceritas,
645 597 750 661 nudus
774 597 891 680 capillo
915 603 1041 684 vertex,
1069 603 1223 670 ulcerosa
1246 609 1261 671 f

228 689 414 773 plerumque
439 687 704 751 medicaminibus
727 685 944 772 interstincta,
968 692 1001 752 et
1023 689 1135 756 Rhodi
1154 700 1261 761 secret

228 780 354 858 coetus,
386 776 557 841 recondere
588 776 770 859 voluptates
796 775 950 840 insuerat.
986 779 1128 845 traditur
1160 784 1261 849 etiam

227 866 409 949 inpotentia
432 869 611 947 extrusum,
639 886 736 949 quem
760 862 990 930 dominationis
1021 869 1144 934 sociam
1168 894 1261 956 asper

228 975 332 1038 neque
356 954 514 1038 depellere
537 956 675 1038 poterat,
699 974 771 1016 cum
795 952 1048 1020 dominationem
1067 958 1175 1041 ipsam
1194 962 1261 1027 don

185 1044 415 1126 reaccepisset.
460 1064 537 1107 nam
570 1042 774 1106 dubitaverat
804 1039 973 1126 Augustus
1002 1042 1248 1129 Germanicum,

228 1135 380 1215 nepotem
399 1135 432 1195 et
450 1132 573 1196 cunctis
591 1131 766 1207 laudatum,
780 1130 827 1193 rei
845 1128 1012 1197 Romanae
1026 1135 1205 1222 imponere,
1228 1162 1261 1204 se

228 1221 290 1285 bus
308 1221 418 1284 uxoris
438 1221 560 1285 evictus
579 1220 709 1284 Tiberio
728 1217 962 1306 Germanicum,
986 1222 1048 1286 sibi
1067 1223 1238 1293 Tiberium

228 1309 323 1392 idque
341 1307 491 1394 Augusta
513 1309 737 1393 exprobrabat,
760 1310 960 1391 reposcebat.

175 1397 218 1464 58
317 1397 478 1463 Profectio
498 1402 568 1463 arto
588 1399 742 1463 comitatu
764 1396 840 1461 luit:
864 1420 948 1462 unus
967 1404 1099 1466 senator
1121 1406 1260 1470 consula

227 1488 289 1569 tus,
308 1485 459 1551 Cocceius
477 1485 595 1566 Nerva,
618 1488 668 1552 cui
686 1487 795 1571 legum
813 1487 941 1571 peritia,
964 1509 1061 1572 eques
1084 1490 1255 1559 Romanus

229 1573 380 1640 Seianum
403 1597 442 1639 ex
463 1576 653 1641 inlustribus
678 1573 809 1640 Curtius
827 1574 969 1662 Atticus,
992 1579 1092 1642 ceteri
1116 1580 1261 1648 liberali}

228 1663 290 1728 diis
332 1665 480 1749 praediti,
515 1665 616 1730 ferme
653 1663 782 1748 Graeci,
818 1686 954 1748 quorum
991 1669 1194 1734 sermonibus
1232 1674 1261 1737 le

194 1752 377 1819 clarebant
395 1754 491 1838 periti
509 1755 697 1820 caelestium
715 1753 756 1817 iis
775 1754 918 1818 motibus
938 1755 1078 1820 siderum
1097 1761 1261 1826 excessiss

227 1842 404 1926 Tiberium,
425 1848 463 1908 ut
485 1845 605 1909 reditus
628 1844 678 1908 illi
707 1847 891 1927 negaretur.
928 1844 1011 1909 unde
1043 1846 1132 1910 exitii
1165 1870 1261 1914 causa

227 1931 291 1996 fuit
306 1954 479 2016 properum
497 1934 596 1998 finem
614 1934 700 1998 vitae
718 1932 975 1997 coniectantibus
993 1934 1261 2023 vulgantibusque

228 2021 312 2085 enim
344 2025 412 2086 tam
442 2023 663 2087 incredibilem
700 2043 811 2086 casum
842 2022 1068 2105 providebant,
1091 2028 1127 2088 ut
1158 2028 1261 2093 undec

228 2131 330 2174 annos
352 2111 455 2176 libens
478 2112 586 2196 patria
609 2113 741 2176 careret.
777 2131 852 2174 mox
871 2112 977 2195 patuit
998 2112 1093 2176 breve
1118 2115 1261 2181 confinia

185 2215 219 2264 10
229 2202 262 2262 et
277 2199 362 2284 falsi,
382 2222 518 2285 ueraque
537 2224 633 2286 quam
652 2199 798 2266 obscuris
815 2203 1010 2284 tegerentur.
1049 2223 1125 2265 nam
1144 2203 1179 2266 in
1197 2206 1259 2269 urb

227 2308 447 2372 regressurum
473 2289 560 2354 haud
587 2291 671 2355 forte
699 2289 834 2354 dictum:
864 2293 1042 2354 ceterorum
1071 2292 1171 2356 nescii
1194 2314 1261 2378 egei

227 2378 406 2462 propinquo
425 2401 498 2443 rure
517 2383 573 2444 aut
592 2380 688 2444 litore
707 2382 739 2445 et
757 2400 853 2463 saepe
871 2380 999 2444 moenia
1016 2380 1104 2443 urbis
1123 2381 1261 2446 adsiden:

228 2488 315 2530 mam
338 2471 499 2532 senectam
522 2468 738 2554 compleverit
961 2525 962 2528 ,

175 2553 217 2620 59
316 2554 363 2621 At
394 2557 477 2622 forte
508 2557 574 2623 illis
607 2559 719 2623 diebus
753 2558 898 2623 oblatum
921 2555 1051 2622 Caesari
1073 2579 1189 2642 anceps
1217 2582 1261 2644 pe:

229 2645 332 2709 aurit⁴
346 2668 430 2711 vana
458 2648 596 2712 rumoris
623 2648 833 2733 praebuitque
860 2646 925 2731 ipsi
955 2645 1122 2711 materiem
1149 2669 1205 2712 cur
1234 2672 1261 2713 a]

228 2737 492 2822 constantiaeque
517 2735 625 2803 Seiani
650 2738 755 2823 magis
782 2737 903 2802 fideret.
938 2735 1148 2801 vescebantur
1174 2737 1209 2801 in
1238 2761 1261 2803 u

228 2826 418 2891 vocabulum
451 2825 641 2912 Speluncae,
678 2849 767 2892 mare
798 2825 1011 2892 Amuclanum
1043 2826 1127 2890 inter
1162 2832 1190 2890 et
1220 2825 1261 2891 Fu

265 3081 306 3131 11.
325 3076 512 3130 interstinctus
529 3075 558 3130 in
577 3075 684 3132 diesem
698 3074 783 3129 Sinna
873 3079 899 3128 t.
935 3072 1051 3128 auctitare
1078 3073 1196 3127 aduam
1221 3072 1259 3143 „C

227 3146 274 3201 bei
291 3145 406 3200 Tacitus
424 3142 473 3202 dia.
494 3145 553 3216 ela,
580 3149 658 3201 sonat
675 3165 727 3201 nur
743 3147 785 3201 im
837 3147 922 3201 tion“.

228 3217 366 3272 silbemen
385 3218 493 3272 Latein.
873 3224 898 3272 9.
926 3217 1003 3271 breue
1020 3215 1167 3283 cauptuiluu
1185 3214 1248 3284 „die

265 3294 306 3344 15.
339 3290 512 3345 dubitaverat
539 3307 586 3360 „er
612 3290 692 3344 hatte
717 3289 783 3344 Nei-
838 3287 1022 3356 Grenzliuie“,
1050 3285 1135 3341 durch
1153 3287 1257 3340 welche

227 3361 527 3488 bruttius
542 3366 784 3488 bithle·
838 3357 1261 3500 tribuebatur*

227 3511 262 3562 49
290 3522 306 3561 a
333 3477 468 3576 euporo!
494 3506 565 3575 fare,
593 3522 654 3561 caua
680 3477 784 3562 dubitet
837 3504 966 3577 glaubte,
997 3500 1050 3556 wie
1081 3499 1154 3555 scine
1185 3499 1261 3570 Zeitg

229 3578 342 3635 Curtius
360 3579 531 3634 comulatam
544 3581 650 3648 petere!
837 3579 876 3632 im
894 3571 1087 3655 Aligemeinen
1103 3588 1139 3626 an
1156 3570 1261 3626 Astrolc

263 3651 311 3709 58.
335 3658 360 3708 2.
385 3652 481 3707 Nerua
498 3651 536 3706 ist
553 3651 603 3705 der
621 3650 784 3707 Grossvater
837 3649 1041 3716 Wahrsagerer.

228 3723 278 3777 des
291 3724 517 3796 gleichnamigen
530 3724 650 3793 Kaisers,
665 3725 715 3778 der
728 3739 784 3778 von
874 3727 916 3775 11.
941 3717 1016 3773 haud
1033 3716 1103 3782 forte
1120 3712 1213 3784 „nicht
1229 3713 1261 3767 du

230 3799 263 3849 96
281 3795 325 3850 bie
345 3804 378 3853 98
401 3796 513 3868 regiert.
549 3797 587 3851 Er
605 3795 681 3852 starb
700 3796 739 3849 im
758 3795 783 3850 J.
837 3794 915 3849 fall“.
1114 3855 1121 3868 ὓ

229 3871 272 3922 33.
299 3867 783 3942 AlsJurietgehtrteerderSchule
874 3871 916 3920 12.
941 3860 1063 3917 adsidue
1084 3857 1136 3911 mrt
1157 3853 1261 3910 demh

229 3936 278 3991 des
296 3939 433 3998 Antistius
451 3943 546 3998 Labeo
564 3943 632 3998 oder
651 3941 705 3996 den
719 3941 784 3995 Pro·
838 3957 890 3994 nur
908 3935 980 3991 noch
999 3938 1023 3999 6,
1041 3935 1075 3984 43
1093 3927 1164 3983 nach
1175 3926 1261 3982 Analo

229 4009 373 4067 culianern
390 4031 433 4069 an.
840 4010 975 4073 accedere,
993 4003 1150 4088 adamare,
1168 3999 1261 4054 “dmm

265 4087 289 4136 3.
317 4084 493 4157 inlustribus,
513 4089 539 4144 d.
558 4088 586 4143 h.
606 4087 725 4143 diaden
744 4102 786 4141 se·
838 4084 907 4149 achi,
925 4077 1040 4135 adactu.
1060 4072 1096 4128 Sa
1120 4068 1190 4126 auch
1208 4068 1261 4126 Sall

228 4153 407 4235 natonschen
426 4158 530 4215 Census
549 4178 605 4217 von
628 4161 704 4216 einer
722 4158 786 4214 Mil·
839 4155 961 4212 Dichter.
1202 4172 1216 4211 ·.

227 4224 287 4306 hon
301 4227 407 4287 hatten.
421 4264 451 4271 -
468 4233 581 4289 (lusatiae
595 4235 705 4290 Aucus
718 4231 786 4287 land
875 4228 923 4285 59.
955 4229 981 4279 2.
1008 4233 1081 4275 caua
1119 4292 1131 4303 Α

227 4313 268 4351 nn
290 4297 316 4356 J.
336 4307 368 4355 31
394 4303 481 4359 aurel
506 4305 590 4379 seen
613 4307 667 4363 een
686 4306 785 4363 unur-
839 4300 957 4359 laquear
1025 4307 1045 4348 e·
1060 4289 1130 4363 Aac:

228 4384 311 4441 8⁰³8·
876 4381 933 4430 4.(
1029 4378 1051 4420 lt
1084 4438 1087 4443 Ι
