2722 4762
377 234 488 289 LIBER
505 234 579 289 XVI.
606 233 684 288 cAP.
709 240 823 289 19-22.

1122 226 1190 291 233

98 409 155 451 ano
178 384 344 449 Antenore
366 385 524 449 institutis
547 384 662 448 habitu
683 383 809 468 tragico
832 384 1000 449 cecinerat.
1037 383 1087 446 die
1110 408 1188 469 quo-

118 496 182 559 quo
209 477 339 558 praetor
363 471 527 537 Antistius
558 473 599 536 ob
622 473 742 555 probra
763 473 799 534 in
820 470 985 537 Neronem
1008 474 1189 554 composita

98 568 216 627 mrtem
239 562 468 645 damnabatur,
500 561 630 625 mitiora
657 560 783 625 censuit
809 560 1024 646 obtinuitque3
1057 564 1090 624 et
1112 562 1188 628 dum
1208 579 1245 627 lo

98 675 109 714 1
141 651 279 715 honores
312 650 480 734 Poppaeae
512 650 740 732 decernuntur,
773 652 887 732 sponte
920 650 1051 734 absens,
1083 648 1189 717 funeri

104 740 304 803 interfuerat.
349 761 430 822 quae
453 738 633 803 oblitterari
655 759 723 802 non
746 737 875 802 sinebat
893 736 1006 821 Capito
1023 736 1189 805 Cossutia-

112 830 240 911 praeter
263 829 406 890 animum
430 827 471 890 ad
493 826 620 910 flagitia
642 826 852 909 praecipitem
874 826 1004 911 iniquus
1018 828 1189 908 Thraseae,

98 972 101 979 .
139 916 331 980 auctoritate
370 917 439 979 cius
473 915 678 998 concidisset,
710 914 852 978 iuvantis
885 912 1021 980 Cilicum
1054 917 1189 1003 legatos,

115 1003 307 1088 Capitonem
329 1004 580 1087 repetundarum
603 1004 815 1087 interrogant.

106 1092 191 1168 Quin
223 1097 256 1155 et
281 1093 338 1155 illa
362 1093 557 1173 oblectabat,
589 1092 747 1175 principio
780 1091 856 1154 anni
887 1092 989 1155 vitare
1012 1091 1189 1158 Thraseam
1199 1088 1244 1151 22

98 1203 170 1244 mne
192 1181 242 1243 ius
266 1182 450 1263 iurandum,
478 1180 775 1262 nuncupationibus
804 1183 952 1243 votorum
979 1202 1047 1244 non
1070 1182 1190 1265 adesse,

98 1270 163 1333 avis
192 1269 468 1352 quindecimvirali
496 1269 675 1332 sacerdotio
698 1268 894 1351 praeditum,
926 1291 1103 1353 numquam
1130 1293 1189 1353 pro

98 1380 121 1422 :c
144 1358 298 1440 principis
327 1362 384 1420 aut
406 1358 536 1421 caelesti
559 1378 636 1421 voce
659 1357 891 1439 immolavisse,
921 1357 1089 1421 adsiduum
1113 1360 1191 1423 olim

98 1447 283 1528 defessum,
312 1446 367 1529 qui
394 1446 581 1529 vulgaribus
607 1467 732 1529 quoque
755 1448 885 1529 patrum
908 1447 1065 1510 consultis
1088 1452 1226 1512 semeth

98 1557 175 1598 ›renr
206 1537 262 1597 aut
290 1534 508 1597 adversarium
536 1534 735 1617 ostenderet,
767 1534 908 1598 triennio
939 1556 1007 1599 non
1039 1535 1192 1599 introisse

98 1646 153 1706 1111,
175 1623 434 1706 nuperrimeque,
458 1644 531 1685 cum
555 1622 595 1685 ad
618 1621 810 1686 coercendos
825 1620 971 1685 Silanum
995 1626 1027 1686 et
1041 1622 1191 1687 Veterem

98 1712 166 1774 atim
189 1714 443 1794 concurreretur,
467 1711 601 1794 privatis
624 1711 733 1792 potius
752 1711 916 1774 clientium
939 1712 1079 1794 negotiis
1097 1734 1191 1776 vaca-

98 1824 115 1863 11
140 1800 351 1863 secessionem
374 1800 441 1863 iam
463 1800 496 1862 id
520 1804 552 1862 et
569 1802 678 1882 partes
698 1802 742 1881 et,
767 1799 794 1862 si
817 1799 901 1861 idern
924 1800 1018 1862 multi
1042 1800 1189 1877 audeant,

98 1911 138 1951 1111
162 1909 240 1951 esse.
291 1887 345 1950 ‘ut
368 1889 529 1971 quondam
553 1885 587 1951 C.
611 1885 798 1951 Gaesaram'
825 1888 932 1971 inquit
959 1886 1006 1950 ‘et
1028 1886 1071 1951 M.
1095 1886 1190 1953 Cato·
1210 1901 1248 1949 lo

98 2028 105 2060 ,
134 1977 182 2039 ita
204 1998 290 2039 nunc
313 1979 358 2059 te,
385 1975 486 2058 Nera,
515 1980 547 2038 et
569 1975 747 2040 Thraseam
775 1975 869 2039 avida
892 1970 1124 2041 discordiarum
1147 1978 1190 2041 ei-

98 2065 276 2147 rloquitur.
327 2068 360 2127 et
391 2064 491 2128 habet
518 2068 693 2127 sectatores
720 2065 771 2127 vel
799 2064 907 2147 potius
935 2065 1103 2147 satellites,
1136 2066 1191 2150 qui

98 2154 163 2217 lum
197 2153 433 2217 contumaciam
466 2153 699 2216 sententiarum
732 2153 788 2215 sed
821 2152 970 2216 habitum
1001 2154 1191 2237 vultumque

114 2244 294 2321 sectantur,
317 2241 414 2324 rigidi
438 2245 470 2304 et
492 2242 616 2323 tristes,
640 2263 702 2325 quo
722 2241 782 2304 tibi
804 2241 969 2304 lasciviam
988 2242 1191 2325 exprobrent.

124 2330 180 2393 uni
207 2329 413 2393 incolumitas
437 2333 493 2392 tua
517 2329 586 2393 sine
610 2350 697 2407 cura,
727 2332 813 2392 artes
841 2330 910 2393 sine
936 2329 1067 2394 honore.
1116 2352 1190 2414 pro·
1211 2342 1248 2391 15

98 2440 130 2481 as
153 2417 308 2501 principis
331 2440 382 2480 res
407 2419 542 2501 spernit:
567 2419 706 2481 etiamne
728 2418 868 2482 luctibus
892 2421 924 2481 et
943 2418 1107 2484 doloribus
1124 2440 1192 2483 non

98 2643 190 2697 Uebcr
210 2645 264 2697 den
282 2644 382 2699 Prator
400 2644 538 2698 Antistius
557 2663 576 2698 s.

117 2786 155 2838 ud
168 2791 291 2851 mortem,
306 2786 367 2840 eine
383 2785 578 2840 Construction

98 2855 233 2909 silbemen
257 2856 409 2923 Latinitate,
440 2857 487 2910 bei
512 2858 577 2911 Tac.

98 2927 164 2980 rech
183 2935 208 2995 6,
227 2934 261 2981 38
287 2933 435 2981 extremum
460 2929 497 2981 ad
514 2945 578 2996 sarp-

98 3015 133 3050 aa
151 2999 305 3052 (laureatas.

117 3074 211 3136 sponte
228 3068 451 3136 ,‚absichtlich“.

119 3141 287 3208 iuterropure
306 3140 358 3193 mit
377 3141 441 3192 dem
460 3139 577 3193 Genetiv

113 3216 158 3277 13,
179 3217 220 3263 11.
250 3218 295 3277 11,
315 3218 357 3264 rc.
401 3211 508 3263 rruher
526 3211 579 3263 mir

103 3280 226 3334 Ablatir.

98 3351 579 3406 ‚affifflmmmm

116 3423 147 3474 111
167 3427 228 3474 creta
243 3423 417 3490 principum,
436 3423 511 3476 baim
525 3423 579 3476 Re-

100 3492 255 3560 ngsantritt
291 3493 339 3546 des
373 3494 485 3547 Kaiscrs
521 3494 579 3547 und

98 3562 142 3615 iclr
171 3579 216 3616 am
245 3572 268 3616 1.
296 3563 407 3618 Jauuar.
454 3564 520 3633 vgl.
546 3583 579 3616 zu

111 3703 164 3757 Die
184 3710 245 3757 rota
271 3705 333 3757 sind
358 3706 402 3759 dic
427 3723 462 3758 an
484 3706 579 3774 jcdcnr

98 3791 166 3828 naar
185 3775 390 3844 abgehaltencn
405 3775 511 3829 Gebcte
531 3776 579 3829 der

98 3846 279 3927 tercollcgicn
307 3864 362 3914 pro
395 3849 580 3900 iacobaaitute

98 3917 170 3984 aprio,
196 3917 241 3970 dre
261 3918 332 3970 auch
352 3924 380 3984 4,
402 3924 434 3970 17
455 3919 581 3971 cru'ahnt

98 4004 140 4040 en.

100 4057 154 4111 Die
169 4059 379 4126 qaindecioairi
393 4059 454 4112 sind
469 4059 514 4112 dic
528 4060 579 4113 Be-

98 4145 128 4182 er
152 4128 202 4182 der
229 4129 440 4198 sibyllinischcn
462 4131 579 4184 Biicher.

101 4217 136 4252 zu
156 4206 181 4268 3,
201 4206 244 4254 64.

100 4286 163 4323 rocc
181 4270 239 4324 scil.
259 4271 385 4326 Neronia.
428 4272 508 4324 Auch
533 4271 580 4324 bei

117 4340 182 4395 Ner.
204 4347 236 4393 ⁴21
265 4342 335 4395 wird
363 4342 437 4396 seinc
462 4342 579 4396 Stirnme

631 2663 686 2698 ron
706 2645 917 2769 {clmeiohlcrn
936 2648 1055 2700 coelestis
1072 2662 1126 2700 coc
1143 2663 1194 2715 ge-

632 2733 706 2769 nann
722 2758 728 2769 ,

667 2809 691 2857 5.
720 2805 871 2870 indefessus
902 2823 955 2857 nur
982 2804 1029 2858 bei
1055 2804 1191 2857 Dichtern

632 2874 783 2943 seitVirgil
797 2876 854 2928 und
867 2874 907 2928 im
921 2875 1062 2928 silbernen
1075 2874 1189 2941 Latein3

632 2946 750 3011 defessas
769 2946 841 2999 auch
860 2946 906 2999 bei
925 2945 1030 3000 Cicero.

669 3040 691 3089 7.
711 3034 804 3088 Ueber
823 3033 934 3086 Silanus
953 3052 973 3087 s,
993 3051 1035 3102 cp.
1049 3040 1077 3099 ⁷3
1097 3034 1191 3088 L.Ve-

631 3108 677 3158 tus
697 3122 739 3173 cp.
761 3112 802 3159 10.

669 3200 692 3247 9.
707 3195 745 3247 id.
774 3193 853 3246 Ebcn
866 3210 896 3248 so
910 3194 987 3246 steht
1000 3193 1050 3246 das
1063 3193 1190 3247 neutrale

632 3263 787 3319 Pronomcu
810 3265 852 3317 als
867 3263 982 3333 Subject
1004 3264 1071 3317 oder
1091 3263 1192 3333 Objcot

633 3337 705 3388 trotz
725 3335 800 3389 eines
819 3334 1010 3389 Femininums
1032 3336 1072 3388 im
1094 3335 1193 3389 Praci-

632 3407 691 3460 cat:
713 3414 736 3471 1,
756 3412 790 3459 49
808 3423 866 3460 aaa
883 3408 1047 3460 medicinam
1063 3407 1135 3459 illud
1157 3436 1191 3445 -

633 3478 679 3530 sed
698 3478 801 3530 cladem
820 3479 972 3546 appellans.
1010 3484 1038 3542 4,
1061 3483 1092 3529 19
1111 3478 1193 3544 quari

635 3549 704 3601 illud
722 3549 876 3616 respublica
894 3553 965 3600 esset.
986 3554 1009 3613 ²2,
1030 3553 1072 3600 38.
1091 3546 1155 3601 hist.
1168 3553 1191 3613 1,

634 3625 676 3672 49.
696 3618 763 3687 Agr.
778 3626 820 3673 43.
847 3617 943 3671 Salten
961 3617 1007 3670 bei
1021 3616 1191 3672 Klassikern.

671 3713 711 3760 10.
736 3705 774 3760 M.
799 3707 946 3773 Catonem,
976 3704 1102 3757 rrilmlich
1131 3704 1196 3758 Uti·

634 3793 751 3830 censam.

672 3855 712 3900 11.
739 3854 763 3900 te
790 3849 860 3902 statt
885 3849 917 3901 de
940 3854 964 3900 te
988 3864 1044 3899 von
1069 3848 1194 3916 loquitur

635 3918 790 3987 abhbngig,
805 3918 842 3971 ist
852 3918 898 3971 bei
908 3918 974 3971 Tae.
985 3912 1033 3971 ἆπ.
1046 3916 1106 3987 alp,
1125 3920 1196 3972 aber

634 3990 720 4043 sehon
739 3988 834 4042 Ciccro
858 3990 932 4058 sagt:
960 4006 1064 4042 ozerum
1087 3990 1193 4054 bellum,

633 4077 707 4113 merc
735 4061 835 4113 scelera
860 4061 941 4127 loqui.
993 4059 1054 4114 Liv.
1074 4065 1102 4127 ὅ,
1127 4066 1150 4113 ὅ.
1175 4066 1193 4112 4

633 4147 667 4183 oze
691 4132 816 4197 crapulas
844 4131 941 4198 loquar
963 4133 1051 4184 urbes,
1096 4129 1195 4183 Oeftcr

634 4203 763 4254 disserere
782 4203 903 4270 aliquid:
927 4219 989 4255 ann,
1011 4208 1034 4267 1,
1053 4207 1077 4255 4.
1098 4206 1126 4265 2,
1147 4205 1189 4253 27.

635 4278 676 4337 11,
696 4277 738 4326 ra.
758 4271 822 4325 hist.
842 4278 867 4338 a,
887 4278 912 4325 a.

635 4372 640 4379 ·
671 4350 711 4396 16.
731 4345 812 4397 etiam
830 4344 884 4397 mit
896 4342 1056 4412 folgendem
1069 4355 1126 4394 11011
1139 4357 1195 4393 nur
